<?xml version="1.0" encoding="UTF-8"?>
<!DOCTYPE html PUBLIC "-//W3C//DTD XHTML 1.0 Transitional//EN"
    "http://www.w3.org/TR/xhtml1/DTD/xhtml1-transitional.dtd">
<html xmlns="http://www.w3.org/1999/xhtml" xml:lang="en" lang="en">
 <head>
  <title>
</title>
<meta http-equiv="Content-Type" content="text/html;charset=utf-8" />
  <meta name='ocr-system' content='tesseract 3.04.00' />
  <meta name='ocr-capabilities' content='ocr_page ocr_carea ocr_par ocr_line ocrx_word'/>
</head>
<body>
  <div class='ocr_page' id='page_1' title='image "./qhoratiiflaccio04flacgoog_0208.png"; bbox 0 0 2409 3317; ppageno 0'>
   <div class='ocr_carea' id='block_1_1' title="bbox 437 384 986 443">
    <p class='ocr_par' dir='ltr' id='par_1_1' title="bbox 437 384 986 443">
     <span class='ocr_line' id='line_1_1' title="bbox 437 384 986 443; baseline 0.005 -5"><span class='ocrx_word' id='word_1_1' title='bbox 437 384 525 443; x_wconf 71' lang='grc' dir='ltr'>ΗΘΒ.Δ</span> <span class='ocrx_word' id='word_1_2' title='bbox 538 384 649 443; x_wconf 73' lang='lat' dir='ltr'>umus.</span> <span class='ocrx_word' id='word_1_3' title='bbox 669 388 692 441; x_wconf 94' lang='lat' dir='ltr'>l.</span> <span class='ocrx_word' id='word_1_4' title='bbox 715 392 736 440; x_wconf 90' lang='lat' dir='ltr'>l.</span> <span class='ocrx_word' id='word_1_5' title='bbox 935 392 986 442; x_wconf 79' lang='grc'>189</span> 
     </span>
    </p>
   </div>
   <div class='ocr_carea' id='block_1_2' title="bbox 194 490 994 2636">
    <p class='ocr_par' dir='ltr' id='par_1_2' title="bbox 195 490 848 561">
     <span class='ocr_line' id='line_1_2' title="bbox 195 490 848 561; baseline -0.003 -18"><span class='ocrx_word' id='word_1_6' title='bbox 195 491 317 561; x_wconf 89' lang='lat' dir='ltr'>Pupillis,</span> <span class='ocrx_word' id='word_1_7' title='bbox 330 508 394 561; x_wconf 88' lang='lat' dir='ltr'>quos</span> <span class='ocrx_word' id='word_1_8' title='bbox 406 490 473 544; x_wconf 83' lang='lat' dir='ltr'>dure</span> <span class='ocrx_word' id='word_1_9' title='bbox 484 492 581 561; x_wconf 89' lang='lat' dir='ltr'>premit</span> <span class='ocrx_word' id='word_1_10' title='bbox 593 490 713 544; x_wconf 80' lang='lat' dir='ltr'>custodie</span> <span class='ocrx_word' id='word_1_11' title='bbox 724 494 848 554; x_wconf 79' lang='lat' dir='ltr'>metrum,</span> 
     </span>
    </p>

    <p class='ocr_par' dir='ltr' id='par_1_3' title="bbox 194 560 993 769">
     <span class='ocr_line' id='line_1_3' title="bbox 194 560 968 681; baseline -0.008 -67"><span class='ocrx_word' id='word_1_12' title='bbox 194 561 239 614; x_wconf 85' lang='lat' dir='ltr'>Sic</span> <span class='ocrx_word' id='word_1_13' title='bbox 250 561 317 613; x_wconf 88' lang='lat' dir='ltr'>mihi</span> <span class='ocrx_word' id='word_1_14' title='bbox 328 560 406 615; x_wconf 76' lang='lat' dir='ltr'>tarde</span> <span class='ocrx_word' id='word_1_15' title='bbox 417 560 506 615; x_wconf 83' lang='lat' dir='ltr'>fluunt</span> <span class='ocrx_word' id='word_1_16' title='bbox 517 562 674 681; x_wconf 50' lang='lat' dir='ltr'>ingrntsffiue</span> <span class='ocrx_word' id='word_1_17' title='bbox 686 565 812 628; x_wconf 80' lang='lat' dir='ltr'>tempore,</span> <span class='ocrx_word' id='word_1_18' title='bbox 824 572 883 625; x_wconf 82' lang='lat' dir='ltr'>quse</span> <span class='ocrx_word' id='word_1_19' title='bbox 895 571 968 625; x_wconf 88' lang='lat' dir='ltr'>spem</span> 
     </span>
     <span class='ocr_line' id='line_1_4' title="bbox 195 624 993 700; baseline -0.006 -17"><span class='ocrx_word' id='word_1_20' title='bbox 195 630 390 699; x_wconf 76' lang='lat' dir='ltr'><strong>Consiliumque</strong></span> <span class='ocrx_word' id='word_1_21' title='bbox 401 637 539 684; x_wconf 80' lang='lat' dir='ltr'>morantur</span> <span class='ocrx_word' id='word_1_22' title='bbox 550 647 618 700; x_wconf 79' lang='lat' dir='ltr'>egen</span> <span class='ocrx_word' id='word_1_23' title='bbox 659 628 763 681; x_wconf 76' lang='lat' dir='ltr'>naviter</span> <span class='ocrx_word' id='word_1_24' title='bbox 773 627 810 695; x_wconf 90' lang='lat' dir='ltr'>id,</span> <span class='ocrx_word' id='word_1_25' title='bbox 822 624 893 695; x_wconf 91' lang='lat' dir='ltr'>quod</span> <span class='ocrx_word' id='word_1_26' title='bbox 990 660 993 665; x_wconf 89' lang='lat'>-</span> 
     </span>
     <span class='ocr_line' id='line_1_5' title="bbox 194 696 860 769; baseline -0.008 -16"><span class='ocrx_word' id='word_1_27' title='bbox 194 698 283 768; x_wconf 75' lang='lat' dir='ltr'>AEque</span> <span class='ocrx_word' id='word_1_28' title='bbox 294 717 348 767; x_wconf 81' lang='lat' dir='ltr'>peu</span> <span class='ocrx_word' id='word_1_29' title='bbox 381 698 454 751; x_wconf 87' lang='lat' dir='ltr'>ribus</span> <span class='ocrx_word' id='word_1_30' title='bbox 465 700 578 769; x_wconf 86' lang='lat' dir='ltr'>prodest,</span> <span class='ocrx_word' id='word_1_31' title='bbox 591 696 766 767; x_wconf 79' lang='lat' dir='ltr'>locupletibus</span> <span class='ocrx_word' id='word_1_32' title='bbox 778 711 860 764; x_wconf 80' lang='lat' dir='ltr'>aeque‚</span> 
     </span>
    </p>

    <p class='ocr_par' dir='ltr' id='par_1_4' title="bbox 195 764 837 838">
     <span class='ocr_line' id='line_1_6' title="bbox 195 764 837 838; baseline -0.003 -19"><span class='ocrx_word' id='word_1_33' title='bbox 195 767 282 837; x_wconf 84' lang='lat' dir='ltr'>AEque</span> <span class='ocrx_word' id='word_1_34' title='bbox 294 786 346 836; x_wconf 90' lang='lat' dir='ltr'>neg</span> <span class='ocrx_word' id='word_1_35' title='bbox 356 774 445 821; x_wconf 88' lang='lat' dir='ltr'>ectum</span> <span class='ocrx_word' id='word_1_36' title='bbox 456 770 545 838; x_wconf 88' lang='lat' dir='ltr'>pueris</span> <span class='ocrx_word' id='word_1_37' title='bbox 556 767 715 835; x_wconf 74' lang='lat' dir='ltr'>senibusque</span> <span class='ocrx_word' id='word_1_38' title='bbox 726 764 837 819; x_wconf 77' lang='lat' dir='ltr'>nocebit.</span> 
     </span>
    </p>

    <p class='ocr_par' dir='ltr' id='par_1_5' title="bbox 195 832 970 975">
     <span class='ocr_line' id='line_1_7' title="bbox 196 832 970 907; baseline -0.005 -17"><span class='ocrx_word' id='word_1_39' title='bbox 196 837 297 904; x_wconf 76' lang='lat' dir='ltr'>Restat,</span> <span class='ocrx_word' id='word_1_40' title='bbox 309 845 341 889; x_wconf 91' lang='lat' dir='ltr'>ut</span> <span class='ocrx_word' id='word_1_41' title='bbox 353 837 394 889; x_wconf 84' lang='lat' dir='ltr'>bis</span> <span class='ocrx_word' id='word_1_42' title='bbox 406 854 455 905; x_wconf 90' lang='lat' dir='ltr'>ego</span> <span class='ocrx_word' id='word_1_43' title='bbox 465 855 508 891; x_wconf 87' lang='lat' dir='ltr'>me</span> <span class='ocrx_word' id='word_1_44' title='bbox 520 838 576 907; x_wconf 87' lang='lat' dir='ltr'>ipse</span> <span class='ocrx_word' id='word_1_45' title='bbox 587 854 678 905; x_wconf 79' lang='lat' dir='ltr'>regem</span> <span class='ocrx_word' id='word_1_46' title='bbox 690 834 757 888; x_wconf 89' lang='lat' dir='ltr'>soler</span> <span class='ocrx_word' id='word_1_47' title='bbox 775 852 809 887; x_wconf 89' lang='lat' dir='ltr'>ue</span> <span class='ocrx_word' id='word_1_48' title='bbox 820 832 970 887; x_wconf 84' lang='lat' dir='ltr'>elementis:</span> 
     </span>
     <span class='ocr_line' id='line_1_8' title="bbox 195 852 886 975; baseline -0.007 -16"><span class='ocrx_word' id='word_1_49' title='bbox 195 906 256 959; x_wconf 83' lang='lat' dir='ltr'>Non</span> <span class='ocrx_word' id='word_1_50' title='bbox 267 906 349 975; x_wconf 85' lang='lat' dir='ltr'>possis</span> <span class='ocrx_word' id='word_1_51' title='bbox 361 906 436 959; x_wconf 89' lang='lat' dir='ltr'>oculo</span> <span class='ocrx_word' id='word_1_52' title='bbox 448 913 578 974; x_wconf 72' lang='lat' dir='ltr'>quantum</span> <span class='ocrx_word' id='word_1_53' title='bbox 590 905 747 959; x_wconf 77' lang='lat' dir='ltr'>contendere</span> <span class='ocrx_word' id='word_1_54' title='bbox 757 852 886 972; x_wconf 49' lang='lat' dir='ltr'>innocus,</span> 
     </span>
    </p>

    <p class='ocr_par' dir='ltr' id='par_1_6' title="bbox 195 972 869 1042">
     <span class='ocr_line' id='line_1_9' title="bbox 195 972 869 1042; baseline -0.006 -14"><span class='ocrx_word' id='word_1_55' title='bbox 195 975 256 1028; x_wconf 81' lang='lat' dir='ltr'>Non</span> <span class='ocrx_word' id='word_1_56' title='bbox 268 984 358 1028; x_wconf 82' lang='lat' dir='ltr'>tumen</span> <span class='ocrx_word' id='word_1_57' title='bbox 368 975 466 1027; x_wconf 89' lang='lat' dir='ltr'>idcirco</span> <span class='ocrx_word' id='word_1_58' title='bbox 478 981 629 1028; x_wconf 77' lang='lat' dir='ltr'>contemnes</span> <span class='ocrx_word' id='word_1_59' title='bbox 640 974 729 1042; x_wconf 82' lang='lat' dir='ltr'>lippus</span> <span class='ocrx_word' id='word_1_60' title='bbox 741 972 851 1041; x_wconf 82' lang='lat' dir='ltr'>inungi;</span> <span class='ocrx_word' id='word_1_61' title='bbox 867 978 869 981; x_wconf 82' lang='grc'><strong>’</strong></span> 
     </span>
    </p>

    <p class='ocr_par' dir='ltr' id='par_1_7' title="bbox 195 1041 989 1181">
     <span class='ocr_line' id='line_1_10' title="bbox 195 1041 989 1113; baseline -0.006 -17"><span class='ocrx_word' id='word_1_62' title='bbox 195 1044 222 1096; x_wconf 85' lang='lat' dir='ltr'>N</span> <span class='ocrx_word' id='word_1_63' title='bbox 222 1061 259 1111; x_wconf 84' lang='lat' dir='ltr'>ec,</span> <span class='ocrx_word' id='word_1_64' title='bbox 272 1043 335 1113; x_wconf 77' lang='lat' dir='ltr'>quia</span> <span class='ocrx_word' id='word_1_65' title='bbox 346 1043 466 1112; x_wconf 87' lang='lat' dir='ltr'>desperes</span> <span class='ocrx_word' id='word_1_66' title='bbox 477 1043 571 1096; x_wconf 79' lang='lat' dir='ltr'>invicti</span> <span class='ocrx_word' id='word_1_67' title='bbox 582 1042 700 1096; x_wconf 79' lang='lat' dir='ltr'>membre</span> <span class='ocrx_word' id='word_1_68' title='bbox 712 1041 843 1110; x_wconf 79' lang='lat' dir='ltr'>Glyconis,</span> <span class='ocrx_word' id='word_1_69' title='bbox 954 1041 989 1092; x_wconf 81' lang='lat'>30</span> 
     </span>
     <span class='ocr_line' id='line_1_11' title="bbox 196 1111 777 1181; baseline -0.002 -15"><span class='ocrx_word' id='word_1_70' title='bbox 196 1111 302 1166; x_wconf 80' lang='lat' dir='ltr'>Nodose</span> <span class='ocrx_word' id='word_1_71' title='bbox 312 1129 406 1181; x_wconf 89' lang='lat' dir='ltr'>corpus</span> <span class='ocrx_word' id='word_1_72' title='bbox 417 1112 486 1165; x_wconf 87' lang='lat' dir='ltr'>nolis</span> <span class='ocrx_word' id='word_1_73' title='bbox 497 1111 634 1181; x_wconf 88' lang='lat' dir='ltr'>prohibere</span> <span class='ocrx_word' id='word_1_74' title='bbox 645 1112 777 1179; x_wconf 57' lang='lat' dir='ltr'>cheragra</span> 
     </span>
    </p>

    <p class='ocr_par' dir='ltr' id='par_1_8' title="bbox 196 1179 861 1250">
     <span class='ocr_line' id='line_1_12' title="bbox 196 1179 861 1250; baseline -0.002 -16"><span class='ocrx_word' id='word_1_75' title='bbox 196 1182 246 1234; x_wconf 79' lang='lat' dir='ltr'>Est</span> <span class='ocrx_word' id='word_1_76' title='bbox 256 1181 371 1249; x_wconf 78' lang='lat' dir='ltr'>quedem</span> <span class='ocrx_word' id='word_1_77' title='bbox 382 1181 486 1250; x_wconf 88' lang='lat' dir='ltr'>prodire</span> <span class='ocrx_word' id='word_1_78' title='bbox 497 1189 581 1249; x_wconf 85' lang='lat' dir='ltr'>tenus,</span> <span class='ocrx_word' id='word_1_79' title='bbox 593 1181 616 1234; x_wconf 92' lang='lat' dir='ltr'>si</span> <span class='ocrx_word' id='word_1_80' title='bbox 628 1199 681 1234; x_wconf 94' lang='lat' dir='ltr'>non</span> <span class='ocrx_word' id='word_1_81' title='bbox 693 1180 772 1233; x_wconf 77' lang='lat' dir='ltr'>detur</span> <span class='ocrx_word' id='word_1_82' title='bbox 784 1179 861 1233; x_wconf 68' lang='lat' dir='ltr'>ultre</span> 
     </span>
    </p>

    <p class='ocr_par' dir='ltr' id='par_1_9' title="bbox 196 1250 824 1320">
     <span class='ocr_line' id='line_1_13' title="bbox 196 1250 824 1320; baseline -0.005 -16"><span class='ocrx_word' id='word_1_83' title='bbox 196 1250 293 1304; x_wconf 78' lang='lat' dir='ltr'>Fervet</span> <span class='ocrx_word' id='word_1_84' title='bbox 304 1251 416 1304; x_wconf 73' lang='lat' dir='ltr'>eventis</span> <span class='ocrx_word' id='word_1_85' title='bbox 427 1251 572 1319; x_wconf 86' lang='lat' dir='ltr'>miseroque</span> <span class='ocrx_word' id='word_1_86' title='bbox 584 1250 708 1320; x_wconf 88' lang='lat' dir='ltr'>cupidine</span> <span class='ocrx_word' id='word_1_87' title='bbox 720 1255 824 1319; x_wconf 89' lang='lat' dir='ltr'>pectus:</span> 
     </span>
    </p>

    <p class='ocr_par' dir='ltr' id='par_1_10' title="bbox 197 1317 903 1457">
     <span class='ocr_line' id='line_1_14' title="bbox 197 1317 903 1390; baseline -0.006 -18"><span class='ocrx_word' id='word_1_88' title='bbox 197 1318 266 1373; x_wconf 83' lang='lat' dir='ltr'>Sunt</span> <span class='ocrx_word' id='word_1_89' title='bbox 278 1319 357 1372; x_wconf 83' lang='lat' dir='ltr'>verbe</span> <span class='ocrx_word' id='word_1_90' title='bbox 369 1327 396 1371; x_wconf 90' lang='lat' dir='ltr'>et</span> <span class='ocrx_word' id='word_1_91' title='bbox 408 1337 490 1387; x_wconf 89' lang='lat' dir='ltr'>voces,</span> <span class='ocrx_word' id='word_1_92' title='bbox 503 1319 599 1390; x_wconf 87' lang='lat' dir='ltr'>quibus</span> <span class='ocrx_word' id='word_1_93' title='bbox 610 1320 682 1372; x_wconf 88' lang='lat' dir='ltr'>hunc</span> <span class='ocrx_word' id='word_1_94' title='bbox 694 1319 776 1371; x_wconf 88' lang='lat' dir='ltr'>lenire</span> <span class='ocrx_word' id='word_1_95' title='bbox 789 1317 903 1370; x_wconf 87' lang='lat' dir='ltr'>dolorem</span> 
     </span>
     <span class='ocr_line' id='line_1_15' title="bbox 198 1387 817 1457; baseline -0.003 -18"><span class='ocrx_word' id='word_1_96' title='bbox 198 1387 284 1440; x_wconf 85' lang='lat' dir='ltr'>Possis</span> <span class='ocrx_word' id='word_1_97' title='bbox 296 1396 323 1440; x_wconf 86' lang='lat' dir='ltr'>et</span> <span class='ocrx_word' id='word_1_98' title='bbox 334 1405 458 1455; x_wconf 67' lang='lat' dir='ltr'>magnam</span> <span class='ocrx_word' id='word_1_99' title='bbox 470 1388 554 1441; x_wconf 88' lang='lat' dir='ltr'>morbi</span> <span class='ocrx_word' id='word_1_100' title='bbox 566 1388 696 1457; x_wconf 86' lang='lat' dir='ltr'>deponere</span> <span class='ocrx_word' id='word_1_101' title='bbox 707 1392 817 1455; x_wconf 81' lang='lat' dir='ltr'>purtem.</span> 
     </span>
    </p>

    <p class='ocr_par' dir='ltr' id='par_1_11' title="bbox 199 1455 907 1522">
     <span class='ocr_line' id='line_1_16' title="bbox 199 1455 907 1522; baseline -0.003 -15"><span class='ocrx_word' id='word_1_102' title='bbox 199 1455 296 1509; x_wconf 78' lang='lat' dir='ltr'>Laudis</span> <span class='ocrx_word' id='word_1_103' title='bbox 308 1473 395 1509; x_wconf 72' lang='lat' dir='ltr'>umore</span> <span class='ocrx_word' id='word_1_104' title='bbox 406 1464 505 1510; x_wconf 89' lang='lat' dir='ltr'>tumes:</span> <span class='ocrx_word' id='word_1_105' title='bbox 525 1463 587 1509; x_wconf 87' lang='lat' dir='ltr'>sunt</span> <span class='ocrx_word' id='word_1_106' title='bbox 598 1464 671 1509; x_wconf 79' lang='lat' dir='ltr'>certe</span> <span class='ocrx_word' id='word_1_107' title='bbox 701 1455 795 1521; x_wconf 73' lang='lat' dir='ltr'>iscula,</span> <span class='ocrx_word' id='word_1_108' title='bbox 807 1469 866 1522; x_wconf 83' lang='lat' dir='ltr'>quae</span> <span class='ocrx_word' id='word_1_109' title='bbox 879 1456 907 1505; x_wconf 87' lang='lat' dir='ltr'>to</span> 
     </span>
    </p>

    <p class='ocr_par' dir='ltr' id='par_1_12' title="bbox 198 1474 815 1660">
     <span class='ocr_line' id='line_1_17' title="bbox 198 1474 778 1593; baseline -0.002 -17"><span class='ocrx_word' id='word_1_110' title='bbox 198 1524 249 1577; x_wconf 77' lang='lat' dir='ltr'>&#39;Per</span> <span class='ocrx_word' id='word_1_111' title='bbox 278 1542 325 1576; x_wconf 87' lang='lat' dir='ltr'>ure</span> <span class='ocrx_word' id='word_1_112' title='bbox 336 1524 405 1577; x_wconf 88' lang='lat' dir='ltr'>lecto</span> <span class='ocrx_word' id='word_1_113' title='bbox 417 1531 543 1593; x_wconf 87' lang='lat' dir='ltr'>poterunt</span> <span class='ocrx_word' id='word_1_114' title='bbox 553 1541 671 1577; x_wconf 78' lang='lat' dir='ltr'>recreare</span> <span class='ocrx_word' id='word_1_115' title='bbox 682 1474 778 1576; x_wconf 83' lang='lat' dir='ltr'>iibello.</span> 
     </span>
     <span class='ocr_line' id='line_1_18' title="bbox 199 1592 815 1660; baseline -0.003 -15"><span class='ocrx_word' id='word_1_116' title='bbox 199 1594 260 1646; x_wconf 78' lang='lat' dir='ltr'>Invi</span> <span class='ocrx_word' id='word_1_117' title='bbox 279 1611 318 1660; x_wconf 87' lang='lat' dir='ltr'>us,</span> <span class='ocrx_word' id='word_1_118' title='bbox 330 1592 479 1659; x_wconf 76' lang='lat' dir='ltr'>iracundus,</span> <span class='ocrx_word' id='word_1_119' title='bbox 490 1594 568 1660; x_wconf 84' lang='lat' dir='ltr'>iners,</span> <span class='ocrx_word' id='word_1_120' title='bbox 580 1594 694 1658; x_wconf 75' lang='lat' dir='ltr'>vinosus,</span> <span class='ocrx_word' id='word_1_121' title='bbox 705 1596 815 1656; x_wconf 71' lang='lat' dir='ltr'>ametor,</span> 
     </span>
    </p>

    <p class='ocr_par' dir='ltr' id='par_1_13' title="bbox 198 1658 859 1730">
     <span class='ocr_line' id='line_1_19' title="bbox 198 1658 859 1730; baseline -0.006 -15"><span class='ocrx_word' id='word_1_122' title='bbox 198 1663 282 1715; x_wconf 85' lang='lat' dir='ltr'>Nemo</span> <span class='ocrx_word' id='word_1_123' title='bbox 294 1662 359 1715; x_wconf 77' lang='lat' dir='ltr'>edeo</span> <span class='ocrx_word' id='word_1_124' title='bbox 371 1660 442 1715; x_wconf 83' lang='lat' dir='ltr'>ierus</span> <span class='ocrx_word' id='word_1_125' title='bbox 454 1668 502 1730; x_wconf 88' lang='lat' dir='ltr'>est,</span> <span class='ocrx_word' id='word_1_126' title='bbox 513 1669 546 1715; x_wconf 94' lang='lat' dir='ltr'>ut</span> <span class='ocrx_word' id='word_1_127' title='bbox 557 1679 611 1715; x_wconf 92' lang='lat' dir='ltr'>non</span> <span class='ocrx_word' id='word_1_128' title='bbox 622 1662 757 1713; x_wconf 80' lang='lat' dir='ltr'>mitescere</span> <span class='ocrx_word' id='word_1_129' title='bbox 769 1658 859 1728; x_wconf 86' lang='lat' dir='ltr'>possit,</span> 
     </span>
    </p>

    <p class='ocr_par' dir='ltr' id='par_1_14' title="bbox 199 1730 990 1869">
     <span class='ocr_line' id='line_1_20' title="bbox 199 1730 990 1801; baseline -0.006 -17"><span class='ocrx_word' id='word_1_130' title='bbox 199 1731 228 1784; x_wconf 84' lang='lat' dir='ltr'>si</span> <span class='ocrx_word' id='word_1_131' title='bbox 239 1731 316 1785; x_wconf 84' lang='lat' dir='ltr'>modo</span> <span class='ocrx_word' id='word_1_132' title='bbox 327 1731 439 1785; x_wconf 77' lang='lat' dir='ltr'>culture</span> <span class='ocrx_word' id='word_1_133' title='bbox 451 1732 597 1801; x_wconf 74' lang='lat' dir='ltr'>patientem</span> <span class='ocrx_word' id='word_1_134' title='bbox 609 1730 755 1783; x_wconf 91' lang='lat' dir='ltr'>commodet</span> <span class='ocrx_word' id='word_1_135' title='bbox 767 1746 865 1781; x_wconf 80' lang='lat' dir='ltr'>eurem</span> <span class='ocrx_word' id='word_1_136' title='bbox 955 1730 990 1779; x_wconf 85' lang='lat'>40</span> 
     </span>
     <span class='ocr_line' id='line_1_21' title="bbox 199 1798 832 1869; baseline -0.005 -16"><span class='ocrx_word' id='word_1_137' title='bbox 199 1801 292 1854; x_wconf 85' lang='lat' dir='ltr'>Virtus</span> <span class='ocrx_word' id='word_1_138' title='bbox 304 1810 344 1854; x_wconf 88' lang='lat' dir='ltr'>est</span> <span class='ocrx_word' id='word_1_139' title='bbox 356 1801 451 1854; x_wconf 83' lang='lat' dir='ltr'>vitium</span> <span class='ocrx_word' id='word_1_140' title='bbox 463 1802 554 1869; x_wconf 86' lang='lat' dir='ltr'>fugere</span> <span class='ocrx_word' id='word_1_141' title='bbox 565 1807 593 1853; x_wconf 88' lang='lat' dir='ltr'>et</span> <span class='ocrx_word' id='word_1_142' title='bbox 606 1799 735 1869; x_wconf 76' lang='lat' dir='ltr'>sapientie</span> <span class='ocrx_word' id='word_1_143' title='bbox 746 1798 832 1867; x_wconf 84' lang='lat' dir='ltr'>prims</span> 
     </span>
    </p>

    <p class='ocr_par' dir='ltr' id='par_1_15' title="bbox 199 1866 873 1939">
     <span class='ocr_line' id='line_1_22' title="bbox 199 1866 873 1939; baseline -0.006 -16"><span class='ocrx_word' id='word_1_144' title='bbox 199 1869 320 1924; x_wconf 77' lang='lat' dir='ltr'>Stultitia</span> <span class='ocrx_word' id='word_1_145' title='bbox 332 1872 452 1924; x_wconf 77' lang='lat' dir='ltr'>ceruime.</span> <span class='ocrx_word' id='word_1_146' title='bbox 490 1870 576 1938; x_wconf 87' lang='lat' dir='ltr'>Vides,</span> <span class='ocrx_word' id='word_1_147' title='bbox 588 1886 648 1939; x_wconf 82' lang='lat' dir='ltr'>quae</span> <span class='ocrx_word' id='word_1_148' title='bbox 660 1869 777 1921; x_wconf 76' lang='lat' dir='ltr'>maxime</span> <span class='ocrx_word' id='word_1_149' title='bbox 789 1866 873 1919; x_wconf 88' lang='lat' dir='ltr'>credis</span> 
     </span>
    </p>

    <p class='ocr_par' dir='ltr' id='par_1_16' title="bbox 199 1936 929 2077">
     <span class='ocr_line' id='line_1_23' title="bbox 199 1936 929 2008; baseline -0.004 -16"><span class='ocrx_word' id='word_1_150' title='bbox 199 1938 262 1992; x_wconf 81' lang='lat' dir='ltr'>Esse</span> <span class='ocrx_word' id='word_1_151' title='bbox 273 1940 351 2005; x_wconf 78' lang='lat' dir='ltr'>mule,</span> <span class='ocrx_word' id='word_1_152' title='bbox 363 1941 490 2008; x_wconf 85' lang='lat' dir='ltr'>exiguum</span> <span class='ocrx_word' id='word_1_153' title='bbox 502 1957 610 1992; x_wconf 89' lang='lat' dir='ltr'>censum</span> <span class='ocrx_word' id='word_1_154' title='bbox 621 1946 778 2007; x_wconf 84' lang='lat' dir='ltr'>turpemque</span> <span class='ocrx_word' id='word_1_155' title='bbox 790 1936 929 2006; x_wconf 83' lang='lat' dir='ltr'>repulsum,</span> 
     </span>
     <span class='ocr_line' id='line_1_24' title="bbox 201 2002 784 2077; baseline -0.003 -16"><span class='ocrx_word' id='word_1_156' title='bbox 201 2008 305 2073; x_wconf 71' lang='lat' dir='ltr'>Quanto</span> <span class='ocrx_word' id='word_1_157' title='bbox 318 2008 418 2061; x_wconf 74' lang='lat' dir='ltr'>devites</span> <span class='ocrx_word' id='word_1_158' title='bbox 428 2009 512 2061; x_wconf 76' lang='lat' dir='ltr'>enimi</span> <span class='ocrx_word' id='word_1_159' title='bbox 523 2002 669 2077; x_wconf 68' lang='lat' dir='ltr'>cepitisdue</span> <span class='ocrx_word' id='word_1_160' title='bbox 681 2006 784 2070; x_wconf 81' lang='lat' dir='ltr'>lnbore3</span> 
     </span>
    </p>

    <p class='ocr_par' dir='ltr' id='par_1_17' title="bbox 200 2074 837 2145">
     <span class='ocr_line' id='line_1_25' title="bbox 200 2074 837 2145; baseline -0.003 -17"><span class='ocrx_word' id='word_1_161' title='bbox 200 2077 317 2145; x_wconf 82' lang='lat' dir='ltr'>impiger</span> <span class='ocrx_word' id='word_1_162' title='bbox 328 2083 457 2129; x_wconf 88' lang='lat' dir='ltr'>extremos</span> <span class='ocrx_word' id='word_1_163' title='bbox 471 2079 553 2129; x_wconf 88' lang='lat' dir='ltr'>curris</span> <span class='ocrx_word' id='word_1_164' title='bbox 564 2084 692 2129; x_wconf 76' lang='lat' dir='ltr'>mercator</span> <span class='ocrx_word' id='word_1_165' title='bbox 704 2076 738 2127; x_wconf 83' lang='lat' dir='ltr'>ed</span> <span class='ocrx_word' id='word_1_166' title='bbox 751 2074 837 2139; x_wconf 87' lang='lat' dir='ltr'>Indos,</span> 
     </span>
    </p>

    <p class='ocr_par' dir='ltr' id='par_1_18' title="bbox 200 2142 922 2224">
     <span class='ocr_line' id='line_1_26' title="bbox 200 2142 922 2224; baseline -0.006 -27"><span class='ocrx_word' id='word_1_167' title='bbox 200 2144 251 2197; x_wconf 87' lang='lat' dir='ltr'>Per</span> <span class='ocrx_word' id='word_1_168' title='bbox 262 2161 334 2197; x_wconf 85' lang='lat' dir='ltr'>mere</span> <span class='ocrx_word' id='word_1_169' title='bbox 345 2146 499 2213; x_wconf 67' lang='lat' dir='ltr'>pauperiem</span> <span class='ocrx_word' id='word_1_170' title='bbox 509 2145 623 2212; x_wconf 77' lang='lat' dir='ltr'>fugiens,</span> <span class='ocrx_word' id='word_1_171' title='bbox 634 2162 681 2224; x_wconf 88' lang='lat' dir='ltr'>per</span> <span class='ocrx_word' id='word_1_172' title='bbox 693 2161 764 2209; x_wconf 78' lang='lat' dir='ltr'>sexo,</span> <span class='ocrx_word' id='word_1_173' title='bbox 776 2159 823 2211; x_wconf 85' lang='lat' dir='ltr'>per</span> <span class='ocrx_word' id='word_1_174' title='bbox 835 2142 922 2209; x_wconf 87' lang='lat' dir='ltr'>ignes:</span> 
     </span>
    </p>

    <p class='ocr_par' dir='ltr' id='par_1_19' title="bbox 201 2212 793 2332">
     <span class='ocr_line' id='line_1_27' title="bbox 201 2212 793 2332; baseline -0.002 -68"><span class='ocrx_word' id='word_1_175' title='bbox 201 2214 244 2265; x_wconf 89' lang='lat' dir='ltr'>Ne</span> <span class='ocrx_word' id='word_1_176' title='bbox 256 2229 330 2264; x_wconf 89' lang='lat' dir='ltr'>cures</span> <span class='ocrx_word' id='word_1_177' title='bbox 341 2229 379 2278; x_wconf 79' lang='lat' dir='ltr'>es,</span> <span class='ocrx_word' id='word_1_178' title='bbox 392 2230 452 2332; x_wconf 45' lang='lat' dir='ltr'>appe</span> <span class='ocrx_word' id='word_1_179' title='bbox 463 2214 545 2266; x_wconf 88' lang='lat' dir='ltr'>stulte</span> <span class='ocrx_word' id='word_1_180' title='bbox 556 2212 659 2264; x_wconf 77' lang='lat' dir='ltr'>mirans</span> <span class='ocrx_word' id='word_1_181' title='bbox 672 2218 699 2264; x_wconf 88' lang='lat' dir='ltr'>et</span> <span class='ocrx_word' id='word_1_182' title='bbox 710 2219 793 2280; x_wconf 79' lang='lat' dir='ltr'>optes,</span> 
     </span>
    </p>

    <p class='ocr_par' dir='ltr' id='par_1_20' title="bbox 201 2277 854 2334">
     <span class='ocr_line' id='line_1_28' title="bbox 201 2277 854 2334; baseline -0.005 -1"><span class='ocrx_word' id='word_1_183' title='bbox 201 2282 308 2334; x_wconf 84' lang='lat' dir='ltr'>Discere</span> <span class='ocrx_word' id='word_1_184' title='bbox 320 2285 347 2333; x_wconf 90' lang='lat' dir='ltr'>et</span> <span class='ocrx_word' id='word_1_185' title='bbox 359 2297 394 2333; x_wconf 80' lang='lat' dir='ltr'>eu</span> <span class='ocrx_word' id='word_1_186' title='bbox 414 2281 420 2293; x_wconf 90' lang='grc'><em>“</em></span> <span class='ocrx_word' id='word_1_187' title='bbox 436 2298 450 2333; x_wconf 89' lang='lat' dir='ltr'>e</span> <span class='ocrx_word' id='word_1_188' title='bbox 462 2287 490 2334; x_wconf 90' lang='lat' dir='ltr'>et</span> <span class='ocrx_word' id='word_1_189' title='bbox 501 2280 603 2333; x_wconf 87' lang='lat' dir='ltr'>meliori</span> <span class='ocrx_word' id='word_1_190' title='bbox 615 2280 719 2333; x_wconf 86' lang='lat' dir='ltr'>credere</span> <span class='ocrx_word' id='word_1_191' title='bbox 730 2297 784 2332; x_wconf 90' lang='lat' dir='ltr'>non</span> <span class='ocrx_word' id='word_1_192' title='bbox 795 2277 854 2331; x_wconf 80' lang='lat' dir='ltr'>visi</span> 
     </span>
    </p>

    <p class='ocr_par' dir='ltr' id='par_1_21' title="bbox 203 2348 871 2418">
     <span class='ocr_line' id='line_1_29' title="bbox 203 2348 871 2418; baseline -0.003 -17"><span class='ocrx_word' id='word_1_193' title='bbox 203 2351 267 2415; x_wconf 84' lang='lat' dir='ltr'>Quis</span> <span class='ocrx_word' id='word_1_194' title='bbox 279 2350 380 2401; x_wconf 86' lang='lat' dir='ltr'>circum</span> <span class='ocrx_word' id='word_1_195' title='bbox 391 2366 472 2418; x_wconf 78' lang='lat' dir='ltr'>pagos</span> <span class='ocrx_word' id='word_1_196' title='bbox 484 2357 511 2402; x_wconf 89' lang='lat' dir='ltr'>et</span> <span class='ocrx_word' id='word_1_197' title='bbox 523 2350 622 2401; x_wconf 88' lang='lat' dir='ltr'>circum</span> <span class='ocrx_word' id='word_1_198' title='bbox 634 2348 751 2417; x_wconf 73' lang='lat' dir='ltr'>compita</span> <span class='ocrx_word' id='word_1_199' title='bbox 763 2364 871 2417; x_wconf 83' lang='lat' dir='ltr'>pugnax</span> 
     </span>
    </p>

    <p class='ocr_par' dir='ltr' id='par_1_22' title="bbox 202 2417 994 2569">
     <span class='ocr_line' id='line_1_30' title="bbox 202 2417 994 2488; baseline -0.004 -16"><span class='ocrx_word' id='word_1_200' title='bbox 202 2420 302 2488; x_wconf 78' lang='lat' dir='ltr'>Magne</span> <span class='ocrx_word' id='word_1_201' title='bbox 314 2420 432 2471; x_wconf 81' lang='lat' dir='ltr'>coronari</span> <span class='ocrx_word' id='word_1_202' title='bbox 444 2425 596 2472; x_wconf 81' lang='lat' dir='ltr'>contemnet</span> <span class='ocrx_word' id='word_1_203' title='bbox 609 2418 641 2471; x_wconf 91' lang='lat'>01</span> <span class='ocrx_word' id='word_1_204' title='bbox 687 2418 738 2486; x_wconf 83' lang='lat' dir='ltr'>pin,</span> <span class='ocrx_word' id='word_1_205' title='bbox 751 2417 818 2470; x_wconf 87' lang='lat' dir='ltr'>cuis</span> <span class='ocrx_word' id='word_1_206' title='bbox 837 2434 871 2484; x_wconf 89' lang='lat' dir='ltr'>es,</span> <span class='ocrx_word' id='word_1_207' title='bbox 959 2418 994 2469; x_wconf 76' lang='lat'>60</span> 
     </span>
     <span class='ocr_line' id='line_1_31' title="bbox 202 2434 836 2569; baseline -0.002 -28"><span class='ocrx_word' id='word_1_208' title='bbox 202 2489 250 2541; x_wconf 85' lang='lat' dir='ltr'>eui</span> <span class='ocrx_word' id='word_1_209' title='bbox 262 2489 297 2541; x_wconf 94' lang='lat' dir='ltr'>sit</span> <span class='ocrx_word' id='word_1_210' title='bbox 310 2487 425 2541; x_wconf 88' lang='lat' dir='ltr'>conditio</span> <span class='ocrx_word' id='word_1_211' title='bbox 436 2487 521 2541; x_wconf 87' lang='lat' dir='ltr'>dulcis</span> <span class='ocrx_word' id='word_1_212' title='bbox 534 2488 590 2540; x_wconf 88' lang='lat' dir='ltr'>sine</span> <span class='ocrx_word' id='word_1_213' title='bbox 601 2505 620 2569; x_wconf 90' lang='lat' dir='ltr'>p</span> <span class='ocrx_word' id='word_1_214' title='bbox 650 2504 710 2540; x_wconf 86' lang='lat' dir='ltr'>vere</span> <span class='ocrx_word' id='word_1_215' title='bbox 721 2434 836 2556; x_wconf 66' lang='lat' dir='ltr'>palmei</span> 
     </span>
    </p>

    <p class='ocr_par' dir='ltr' id='par_1_23' title="bbox 204 2556 849 2636">
     <span class='ocr_line' id='line_1_32' title="bbox 204 2556 849 2636; baseline -0.002 -26"><span class='ocrx_word' id='word_1_216' title='bbox 204 2558 290 2610; x_wconf 87' lang='lat' dir='ltr'>Vilius</span> <span class='ocrx_word' id='word_1_217' title='bbox 301 2563 442 2636; x_wconf 65' lang='lat' dir='ltr'>argentum</span> <span class='ocrx_word' id='word_1_218' title='bbox 454 2565 494 2610; x_wconf 87' lang='lat' dir='ltr'>est</span> <span class='ocrx_word' id='word_1_219' title='bbox 506 2574 578 2624; x_wconf 83' lang='lat' dir='ltr'>euro,</span> <span class='ocrx_word' id='word_1_220' title='bbox 590 2556 734 2610; x_wconf 78' lang='lat' dir='ltr'>virtutibus</span> <span class='ocrx_word' id='word_1_221' title='bbox 746 2573 849 2609; x_wconf 80' lang='lat' dir='ltr'>eurum</span> 
     </span>
    </p>
   </div>
   <div class='ocr_carea' id='block_1_3' title="bbox 203 2594 1121 2760">
    <p class='ocr_par' dir='ltr' id='par_1_24' title="bbox 203 2594 1121 2807">
     <span class='ocr_line' id='line_1_33' title="bbox 203 2594 1121 2692; baseline -0.013 -15"><span class='ocrx_word' id='word_1_222' title='bbox 203 2624 247 2676; x_wconf 82' lang='lat'>“0</span> <span class='ocrx_word' id='word_1_223' title='bbox 259 2624 336 2692; x_wconf 86' lang='lat' dir='ltr'>cives,</span> <span class='ocrx_word' id='word_1_224' title='bbox 349 2621 579 2691; x_wconf 74' lang='lat' dir='ltr'>crres‚quserende</span> <span class='ocrx_word' id='word_1_225' title='bbox 590 2622 703 2691; x_wconf 82' lang='lat' dir='ltr'>pecunie</span> <span class='ocrx_word' id='word_1_226' title='bbox 714 2623 830 2691; x_wconf 90' lang='lat' dir='ltr'>primum</span> <span class='ocrx_word' id='word_1_227' title='bbox 842 2629 901 2686; x_wconf 83' lang='lat' dir='ltr'>est;</span> <span class='ocrx_word' id='word_1_228' title='bbox 1120 2594 1121 2631; x_wconf 49' lang='lat'>¹</span> 
     </span>
     <span class='ocr_line' id='line_1_34' title="bbox 205 2689 956 2760; baseline -0.003 -17"><span class='ocrx_word' id='word_1_229' title='bbox 205 2693 295 2745; x_wconf 83' lang='lat' dir='ltr'>Virtus</span> <span class='ocrx_word' id='word_1_230' title='bbox 307 2698 366 2760; x_wconf 92' lang='lat' dir='ltr'>post</span> <span class='ocrx_word' id='word_1_231' title='bbox 377 2690 522 2744; x_wconf 85' lang='lat' dir='ltr'>nummos.&#39;&#39;</span> <span class='ocrx_word' id='word_1_232' title='bbox 557 2689 623 2744; x_wconf 78' lang='lat' dir='ltr'>Haec</span> <span class='ocrx_word' id='word_1_233' title='bbox 634 2691 721 2745; x_wconf 78' lang='lat' dir='ltr'>Jeuus</span> <span class='ocrx_word' id='word_1_234' title='bbox 734 2708 849 2744; x_wconf 89' lang='lat' dir='ltr'>summus</span> <span class='ocrx_word' id='word_1_235' title='bbox 860 2691 894 2744; x_wconf 82' lang='lat' dir='ltr'>ab</span> <span class='ocrx_word' id='word_1_236' title='bbox 906 2692 956 2745; x_wconf 88' lang='lat' dir='ltr'>imo</span> 
     </span>
    </p>
   </div>
   <div class='ocr_carea' id='block_1_4' title="bbox 203 2762 1121 2967">
    <p class='ocr_par' dir='ltr' id='par_1_25' title="bbox 203 2762 1121 2967">
     <span class='ocr_line' id='line_1_35' title="bbox 203 2762 911 2830; baseline -0.007 -14"><span class='ocrx_word' id='word_1_237' title='bbox 203 2764 338 2829; x_wconf 89' lang='lat' dir='ltr'>Prodocet,</span> <span class='ocrx_word' id='word_1_238' title='bbox 350 2763 407 2814; x_wconf 78' lang='lat' dir='ltr'>bruc</span> <span class='ocrx_word' id='word_1_239' title='bbox 419 2762 542 2815; x_wconf 84' lang='lat' dir='ltr'>recinunt</span> <span class='ocrx_word' id='word_1_240' title='bbox 549 2763 660 2830; x_wconf 78' lang='lat' dir='ltr'>juvenes</span> <span class='ocrx_word' id='word_1_241' title='bbox 672 2762 773 2814; x_wconf 78' lang='lat' dir='ltr'>dictate</span> <span class='ocrx_word' id='word_1_242' title='bbox 786 2775 911 2828; x_wconf 87' lang='lat' dir='ltr'>senesque</span> 
     </span>
     <span class='ocr_line' id='line_1_36' title="bbox 203 2830 822 2899; baseline -0.008 -13"><span class='ocrx_word' id='word_1_243' title='bbox 203 2833 281 2885; x_wconf 71' lang='lat' dir='ltr'>nevo</span> <span class='ocrx_word' id='word_1_244' title='bbox 293 2830 412 2899; x_wconf 84' lang='lat' dir='ltr'>suspensi</span> <span class='ocrx_word' id='word_1_245' title='bbox 424 2830 522 2883; x_wconf 87' lang='lat' dir='ltr'>loculos</span> <span class='ocrx_word' id='word_1_246' title='bbox 533 2830 653 2883; x_wconf 79' lang='lat' dir='ltr'>tsbulem</span> <span class='ocrx_word' id='word_1_247' title='bbox 673 2847 704 2882; x_wconf 91' lang='lat' dir='ltr'>ue</span> <span class='ocrx_word' id='word_1_248' title='bbox 717 2830 822 2881; x_wconf 75' lang='lat' dir='ltr'>lacerto.</span> 
     </span>
     <span class='ocr_line' id='line_1_37' title="bbox 204 2812 1121 2967; baseline -0.009 -13"><span class='ocrx_word' id='word_1_249' title='bbox 204 2901 252 2954; x_wconf 83' lang='lat' dir='ltr'>Est</span> <span class='ocrx_word' id='word_1_250' title='bbox 264 2901 368 2956; x_wconf 79' lang='lat' dir='ltr'>enimus</span> <span class='ocrx_word' id='word_1_251' title='bbox 381 2899 438 2967; x_wconf 85' lang='lat' dir='ltr'>tibi,</span> <span class='ocrx_word' id='word_1_252' title='bbox 450 2904 513 2952; x_wconf 87' lang='lat' dir='ltr'>sunt</span> <span class='ocrx_word' id='word_1_253' title='bbox 524 2916 609 2953; x_wconf 87' lang='lat' dir='ltr'>mores</span> <span class='ocrx_word' id='word_1_254' title='bbox 620 2906 648 2952; x_wconf 90' lang='lat' dir='ltr'>et</span> <span class='ocrx_word' id='word_1_255' title='bbox 672 2899 677 2911; x_wconf 93' lang='lat'>&#39;</span> <span class='ocrx_word' id='word_1_256' title='bbox 763 2896 886 2967; x_wconf 82' lang='lat' dir='ltr'>fidesque,</span> <span class='ocrx_word' id='word_1_257' title='bbox 1119 2812 1121 2967; x_wconf 70' lang='lat' dir='ltr'>i</span> 
     </span>
    </p>
   </div>
   <div class='ocr_carea' id='block_1_5' title="bbox 0 0 1223 3317">
    <p class='ocr_par' dir='ltr' id='par_1_26' title="bbox 0 0 1223 3317">
     <span class='ocr_line' id='line_1_38' title="bbox 0 0 1223 3317; baseline 0 0"><span class='ocrx_word' id='word_1_258' title='bbox 0 0 1223 3317; x_wconf 95' lang='lat' dir='ltr'> </span> 
     </span>
    </p>
   </div>
  </div>
 </body>
</html>
