2409 3317
234 334 285 386 18⁶
547 334 703 393 nondun

230 439 348 524 Affertur
359 432 465 511 squillas
477 444 547 500 iuter
557 462 669 499 murena
679 452 802 499 natantes
907 443 1027 537 [ἱιιιιιιίιζ

231 508 264 561 In
280 519 373 579 patrna
387 521 515 581 porrecta
551 515 608 568 Sub
623 514 673 571 hoc
689 516 783 569 herus:
801 515 881 570 ‘Hac
892 517 1017 585 gravida,

230 580 238 606 ⁴
248 578 332 647 Capta
343 588 390 647 est,
403 582 516 637 deterior
526 590 585 653 post
596 592 704 653 partum
716 600 795 638 carue
805 585 905 639 futura

229 648 281 703 His
292 650 407 703 mixtum
415 654 461 720 jus
472 659 525 706 est:
544 652 608 719 oleo,
621 653 691 721 quod
703 654 789 734 prima
801 653 910 707 Venafri

224 717 323 773 Pressit
335 719 416 784 cella;
433 737 497 788 garo
508 721 542 774 de
553 722 637 774 succis
648 722 727 790 piscus
741 720 827 787 Iberi;

225 787 294 841 Vino
306 789 477 870 quinquenni,
489 806 582 843 verum
593 790 661 843 citra
672 808 744 843 mare
756 798 826 858 nato,

225 857 297 909 Dum
309 864 447 925 coqu1tur;
458 887 495 897 —
505 864 579 911 cocto
591 858 687 911 Chium
699 860 736 913 sic
748 860 879 927 convenit,
891 866 989 913 utnon

225 925 284 978 Hoc
295 926 379 994 magis
390 928 476 979 ullum
488 926 576 990 aliud;
585 928 718 997 -pipere
730 928 798 996 albo,
805 945 859 982 non
867 929 923 982 sine
934 935 1021 997 aceto,

225 993 302 1058 Quod
313 994 521 1116 Methpmnoesm
532 995 598 1049 vitio
610 998 754 1050 mutaverit
765 1014 852 1051 uvam
982 1002 1022 1051 60

225 1062 325 1117 Erucas
336 1064 387 1117 viri
405 1081 439 1130 es,
451 1064 538 1117 inulas
551 1081 600 1133 ego
612 1065 712 1133 primus
724 1082 826 1119 amens

225 1129 371 1186 Monstravi
383 1133 529 1202 incoquere,
540 1133 632 1186 illutos
644 1134 770 1187 Curtillus
782 1134 894 1203 echinos,

226 1200 263 1253 Ut
273 1200 368 1254 melius
379 1203 466 1255 muria
477 1202 547 1270 quod
558 1208 629 1255 testa
639 1204 742 1256 marina
753 1204 884 1258 remittit'

226 1269 331 1323 Interea
343 1286 467 1338 suspensa
478 1286 571 1338 graves
582 1271 668 1325 aulae
680 1273 770 1325 urinas

226 1338 260 1391 Iu
271 1339 391 1409 patinam
402 1340 493 1406 fecere,
506 1339 641 1393 trahentia
652 1341 768 1410 pulveris
779 1341 832 1394 atri

225 1408 362 1471 Quantum
373 1426 426 1461 uon
439 1408 535 1477 Aquilo
547 1408 687 1479 Campanis
699 1411 800 1464 excitat
811 1410 889 1479 agris

224 1476 278 1530 Nos
289 1480 376 1547 majus
386 1479 472 1546 veriti,
560 1496 623 1531 uam
635 1478 703 1531 nihil
714 1496 769 1532 esse
781 1480 873 1548 pericli

225 1544 365 1614 Sensimus,
377 1548 510 1616 erigimur.
621 1565 632 1600 s
644 1548 729 1617 posito
740 1548 835 1617 eapite,
849 1548 913 1602 utsi

225 1613 309 1669 ll'ilius
320 1616 478 1669 immaturus
490 1615 592 1684 obisset,
605 1616 673 1670 flere.
709 1616 774 1681 Quis
786 1624 854 1671 esset

225 1683 462 1754 Finis‚uisapiens
474 1686 512 1738 sic
524 1686 705 1738 Nomentano
716 1685 832 1739 amicum
983 1689 1020 1741 60

228 1756 357 1811 Tolleret:
376 1756 461 1822 ‘Heu‚
474 1756 598 1822 Fortuna,
613 1755 671 1823 quis
683 1761 724 1808 est
735 1754 864 1807 crudelior
876 1753 905 1808 in
916 1769 964 1807 nos

228 1824 264 1878 'l'e
277 1826 349 1877 Deus
360 1825 370 1877 l
406 1824 444 1876 Ut
456 1840 558 1891 semper
568 1824 667 1892 gaudes
678 1824 789 1878 illudere
800 1823 879 1878 rebus

229 1894 362 1946 Humanis
374 1892 390 1947 ι’
409 1891 507 1944 Varius
518 1909 616 1961 mappa
627 1908 789 1961 compescere
801 1893 885 1945 risum

229 1962 283 2015 vix
295 1967 407 2031 poterat.
442 1960 550 2014 Balatro
562 1961 723 2030 suspendens
735 1962 823 2014 omnia
834 1977 905 2029 naso,

229 2032 311 2085 ‘Haec
323 2038 363 2084 est
375 2029 491 2084 conditio
502 2028 624 2097 vivendi)
637 2030 732 2096 aiebat,
744 2031 751 2058 ‘
807 2048 841 2084 ue

224 2102 390 2174 Responsum
401 2108 448 2156 tuo
459 2116 597 2169 uunquam
611 2106 650 2153 est
662 2117 710 2169 par
721 2100 792 2153 fama
815 2099 894 2154 ebori

224 2172 300 2241 Tene,
312 2178 344 2227 ut
355 2189 403 2241 ego
414 2170 529 2241 accipiar
540 2168 621 2237 laute,
633 2168 777 2237 torquerier
788 2169 861 2222 omni

224 2242 408 2297 sollicitudine
421 2241 578 2307 districtum,
590 2256 625 2291 ue
637 2238 712 2307 panis
724 2236 843 2305 adustus,

224 2311 265 2365 Ne
276 2311 346 2365 male
358 2310 494 2365 conditum
502 2311 548 2379 jus
559 2314 716 2378 apponetur,
728 2312 760 2359 ut
772 2323 861 2359 omnes

225 2380 366 2435 Proeciucti
377 2387 448 2433 recte
459 2378 535 2447 pueri
547 2377 697 2446 comptique
708 2373 877 2429 ministrentl
982 2375 1018 2429 70

224 2449 301 2502 Adde
312 2449 359 2502 hos
370 2455 498 2517 preterea
509 2463 591 2510 casus,
604 2445 690 2498 oulaea
700 2451 781 2497 ruant
793 2444 822 2509 si,

225 2518 263 2571 Ut
273 2518 351 2571 modo
361 2535 368 2579 ;
386 2516 409 2568 si
419 2516 540 2585 potinem
551 2514 618 2583 pede
629 2514 719 2583 lapsus
730 2514 838 2583 frangat
850 2528 936 2582 agaso.

224 2585 276 2640 Sed
288 2585 462 2641 convivatoris
475 2583 515 2636 uti
526 2583 602 2635 ducis
614 2582 751 2649 ingenium
762 2600 803 2635 res

225 2657 348 2711 Adversae
359 2654 460 2707 nudare
472 2652 564 2715 solent,
577 2649 661 2701 celare
673 2650 811 2703 secunde!

225 2724 383 2781 Nasidienus
394 2722 429 2776 ad
440 2722 514 2777 hac:
532 2717 608 2798 ‘Tibi
621 2716 665 2783 ni,
677 2734 841 2799 quaecunque
853 2717 973 2799 preceris=

223 2788 364 2842 Commoda
375 2788 456 2843 dent!
492 2786 536 2839 Ita
547 2802 589 2838 vir
599 2785 684 2836 bonus
696 2802 723 2836 es
735 2800 897 2853 convsvaque
908 2787 1005 2841 conns.⁸

223 2856 260 2911 lit
270 2857 353 2913 soleas
363 2857 457 2927 poscit
490 2854 559 2908 uum
570 2854 600 2907 in
612 2853 680 2907 lecto
692 2868 796 2922 quoque
808 2854 909 2908 videres
