<?xml version="1.0" encoding="UTF-8"?>
<!DOCTYPE html PUBLIC "-//W3C//DTD XHTML 1.0 Transitional//EN"
    "http://www.w3.org/TR/xhtml1/DTD/xhtml1-transitional.dtd">
<html xmlns="http://www.w3.org/1999/xhtml" xml:lang="en" lang="en">
 <head>
  <title>
</title>
<meta http-equiv="Content-Type" content="text/html;charset=utf-8" />
  <meta name='ocr-system' content='tesseract 3.04.00' />
  <meta name='ocr-capabilities' content='ocr_page ocr_carea ocr_par ocr_line ocrx_word'/>
</head>
<body>
  <div class='ocr_page' id='page_1' title='image "./qhoratiiflaccio04flacgoog_0213.png"; bbox 0 0 2409 3317; ppageno 0'>
   <div class='ocr_carea' id='block_1_1' title="bbox 260 358 732 414">
    <p class='ocr_par' dir='ltr' id='par_1_1' title="bbox 260 358 732 414">
     <span class='ocr_line' id='line_1_1' title="bbox 260 358 732 414; baseline 0.015 -8"><span class='ocrx_word' id='word_1_1' title='bbox 260 358 310 407; x_wconf 80' lang='grc'>194</span> <span class='ocrx_word' id='word_1_2' title='bbox 578 358 732 414; x_wconf 74' lang='lat' dir='ltr'>nouum</span> 
     </span>
    </p>
   </div>
   <div class='ocr_carea' id='block_1_2' title="bbox 258 457 1056 599">
    <p class='ocr_par' dir='ltr' id='par_1_2' title="bbox 258 457 1056 599">
     <span class='ocr_line' id='line_1_2' title="bbox 258 457 1056 528; baseline 0.004 -18"><span class='ocrx_word' id='word_1_3' title='bbox 258 458 328 523; x_wconf 81' lang='lat' dir='ltr'>Quid</span> <span class='ocrx_word' id='word_1_4' title='bbox 336 460 402 513; x_wconf 88' lang='lat' dir='ltr'>mihi</span> <span class='ocrx_word' id='word_1_5' title='bbox 411 460 500 514; x_wconf 76' lang='lat' dir='ltr'>Celare</span> <span class='ocrx_word' id='word_1_6' title='bbox 507 458 581 528; x_wconf 77' lang='lat' dir='ltr'>agiti</span> <span class='ocrx_word' id='word_1_7' title='bbox 599 458 715 511; x_wconf 86' lang='lat' dir='ltr'>monitu</span> <span class='ocrx_word' id='word_1_8' title='bbox 722 457 890 527; x_wconf 87' lang='lat' dir='ltr'>multumque</span> <span class='ocrx_word' id='word_1_9' title='bbox 897 458 1056 525; x_wconf 83' lang='lat' dir='ltr'>monendus,</span> 
     </span>
     <span class='ocr_line' id='line_1_3' title="bbox 258 527 848 599; baseline 0 -20"><span class='ocrx_word' id='word_1_10' title='bbox 258 527 380 581; x_wconf 82' lang='lat' dir='ltr'>Privatae</span> <span class='ocrx_word' id='word_1_11' title='bbox 391 535 423 581; x_wconf 90' lang='lat' dir='ltr'>ut</span> <span class='ocrx_word' id='word_1_12' title='bbox 436 534 536 599; x_wconf 78' lang='lat' dir='ltr'>querat</span> <span class='ocrx_word' id='word_1_13' title='bbox 547 545 609 597; x_wconf 85' lang='lat' dir='ltr'>opes</span> <span class='ocrx_word' id='word_1_14' title='bbox 621 533 648 579; x_wconf 89' lang='lat' dir='ltr'>et</span> <span class='ocrx_word' id='word_1_15' title='bbox 660 534 768 595; x_wconf 76' lang='lat' dir='ltr'>tangere</span> <span class='ocrx_word' id='word_1_16' title='bbox 780 527 848 579; x_wconf 82' lang='lat' dir='ltr'>vitet</span> 
     </span>
    </p>
   </div>
   <div class='ocr_carea' id='block_1_3' title="bbox 258 595 1059 1975">
    <p class='ocr_par' dir='ltr' id='par_1_3' title="bbox 258 595 930 667">
     <span class='ocr_line' id='line_1_4' title="bbox 258 595 930 667; baseline 0 -18"><span class='ocrx_word' id='word_1_17' title='bbox 258 596 369 667; x_wconf 75' lang='lat' dir='ltr'>Scripta,</span> <span class='ocrx_word' id='word_1_18' title='bbox 382 598 521 651; x_wconf 82' lang='lat' dir='ltr'>Palatinus</span> <span class='ocrx_word' id='word_1_19' title='bbox 533 613 697 666; x_wconf 71' lang='lat' dir='ltr'>quaeeunque</span> <span class='ocrx_word' id='word_1_20' title='bbox 708 596 807 664; x_wconf 88' lang='lat' dir='ltr'>reoepit</span> <span class='ocrx_word' id='word_1_21' title='bbox 821 595 930 665; x_wconf 84' lang='lat' dir='ltr'>Apollo;</span> 
     </span>
    </p>

    <p class='ocr_par' dir='ltr' id='par_1_4' title="bbox 258 664 834 735">
     <span class='ocr_line' id='line_1_5' title="bbox 258 664 834 735; baseline -0.003 -16"><span class='ocrx_word' id='word_1_22' title='bbox 258 665 306 733; x_wconf 85' lang='lat' dir='ltr'>Ne,</span> <span class='ocrx_word' id='word_1_23' title='bbox 319 666 341 719; x_wconf 88' lang='lat' dir='ltr'>si</span> <span class='ocrx_word' id='word_1_24' title='bbox 352 666 420 719; x_wconf 86' lang='lat' dir='ltr'>forte</span> <span class='ocrx_word' id='word_1_25' title='bbox 432 685 492 721; x_wconf 87' lang='lat' dir='ltr'>suas</span> <span class='ocrx_word' id='word_1_26' title='bbox 501 666 645 735; x_wconf 77' lang='lat' dir='ltr'>repetitum</span> <span class='ocrx_word' id='word_1_27' title='bbox 657 664 759 717; x_wconf 82' lang='lat' dir='ltr'>venerit</span> <span class='ocrx_word' id='word_1_28' title='bbox 771 664 834 717; x_wconf 89' lang='lat' dir='ltr'>olim</span> 
     </span>
    </p>

    <p class='ocr_par' dir='ltr' id='par_1_5' title="bbox 259 733 908 804">
     <span class='ocr_line' id='line_1_6' title="bbox 259 733 908 804; baseline -0.003 -15"><span class='ocrx_word' id='word_1_29' title='bbox 259 735 329 789; x_wconf 77' lang='lat' dir='ltr'>Grex</span> <span class='ocrx_word' id='word_1_30' title='bbox 341 735 430 789; x_wconf 86' lang='lat' dir='ltr'>avium</span> <span class='ocrx_word' id='word_1_31' title='bbox 442 736 553 804; x_wconf 84' lang='lat' dir='ltr'>plumae,</span> <span class='ocrx_word' id='word_1_32' title='bbox 563 740 669 787; x_wconf 80' lang='lat' dir='ltr'>moveat</span> <span class='ocrx_word' id='word_1_33' title='bbox 682 733 815 787; x_wconf 81' lang='lat' dir='ltr'>cornicula</span> <span class='ocrx_word' id='word_1_34' title='bbox 826 733 908 787; x_wconf 82' lang='lat' dir='ltr'>risum</span> 
     </span>
    </p>

    <p class='ocr_par' dir='ltr' id='par_1_6' title="bbox 258 802 1059 1011">
     <span class='ocr_line' id='line_1_7' title="bbox 258 802 1059 872; baseline 0 -16"><span class='ocrx_word' id='word_1_35' title='bbox 258 803 375 857; x_wconf 82' lang='lat' dir='ltr'>Furtivis</span> <span class='ocrx_word' id='word_1_36' title='bbox 385 805 488 857; x_wconf 87' lang='lat' dir='ltr'>nudata</span> <span class='ocrx_word' id='word_1_37' title='bbox 499 804 636 857; x_wconf 74' lang='lat' dir='ltr'>doloribus.</span> <span class='ocrx_word' id='word_1_38' title='bbox 672 804 732 872; x_wconf 86' lang='lat' dir='ltr'>Ipse</span> <span class='ocrx_word' id='word_1_39' title='bbox 745 802 809 872; x_wconf 90' lang='lat' dir='ltr'>quid</span> <span class='ocrx_word' id='word_1_40' title='bbox 820 802 918 855; x_wconf 75' lang='lat' dir='ltr'>audes?</span> <span class='ocrx_word' id='word_1_41' title='bbox 1021 808 1059 859; x_wconf 78' lang='lat'>20</span> 
     </span>
     <span class='ocr_line' id='line_1_8' title="bbox 259 870 1030 940; baseline -0.001 -12"><span class='ocrx_word' id='word_1_42' title='bbox 259 873 325 937; x_wconf 72' lang='lat' dir='ltr'>Qua</span> <span class='ocrx_word' id='word_1_43' title='bbox 336 873 531 927; x_wconf 70' lang='lat' dir='ltr'><strong>circumvolitas</strong></span> <span class='ocrx_word' id='word_1_44' title='bbox 542 872 621 940; x_wconf 79' lang='lat' dir='ltr'>agilis</span> <span class='ocrx_word' id='word_1_45' title='bbox 632 870 743 939; x_wconf 73' lang='lat' dir='ltr'>thyma?</span> <span class='ocrx_word' id='word_1_46' title='bbox 778 872 804 924; x_wconf 83' lang='lat' dir='ltr'>N</span> <span class='ocrx_word' id='word_1_47' title='bbox 805 888 838 924; x_wconf 91' lang='lat' dir='ltr'>on</span> <span class='ocrx_word' id='word_1_48' title='bbox 850 871 901 924; x_wconf 90' lang='lat' dir='ltr'>tibi</span> <span class='ocrx_word' id='word_1_49' title='bbox 912 889 1030 940; x_wconf 76' lang='lat' dir='ltr'>parvum</span> 
     </span>
     <span class='ocr_line' id='line_1_9' title="bbox 260 940 955 1011; baseline 0 -17"><span class='ocrx_word' id='word_1_50' title='bbox 260 942 409 1011; x_wconf 83' lang='lat' dir='ltr'>Ingenium,</span> <span class='ocrx_word' id='word_1_51' title='bbox 421 958 475 995; x_wconf 88' lang='lat' dir='ltr'>non</span> <span class='ocrx_word' id='word_1_52' title='bbox 485 941 619 994; x_wconf 71' lang='lat' dir='ltr'>iuerdmm</span> <span class='ocrx_word' id='word_1_53' title='bbox 631 946 671 993; x_wconf 89' lang='lat' dir='ltr'>est</span> <span class='ocrx_word' id='word_1_54' title='bbox 682 946 710 993; x_wconf 88' lang='lat' dir='ltr'>et</span> <span class='ocrx_word' id='word_1_55' title='bbox 721 940 836 1011; x_wconf 90' lang='lat' dir='ltr'>turpiter</span> <span class='ocrx_word' id='word_1_56' title='bbox 847 940 955 994; x_wconf 74' lang='lat' dir='ltr'>hirtum.</span> 
     </span>
    </p>

    <p class='ocr_par' dir='ltr' id='par_1_7' title="bbox 260 1010 854 1078">
     <span class='ocr_line' id='line_1_10' title="bbox 260 1010 854 1078; baseline -0.002 -14"><span class='ocrx_word' id='word_1_57' title='bbox 260 1010 313 1064; x_wconf 80' lang='lat' dir='ltr'>Seu</span> <span class='ocrx_word' id='word_1_58' title='bbox 325 1012 345 1063; x_wconf 92' lang='lat' dir='ltr'>li</span> <span class='ocrx_word' id='word_1_59' title='bbox 457 1011 542 1065; x_wconf 73' lang='lat' dir='ltr'>cauus</span> <span class='ocrx_word' id='word_1_60' title='bbox 554 1010 628 1065; x_wconf 81' lang='lat' dir='ltr'>aenis</span> <span class='ocrx_word' id='word_1_61' title='bbox 640 1027 687 1062; x_wconf 86' lang='lat' dir='ltr'>seu</span> <span class='ocrx_word' id='word_1_62' title='bbox 698 1010 783 1062; x_wconf 80' lang='lat' dir='ltr'>civica</span> <span class='ocrx_word' id='word_1_63' title='bbox 791 1012 854 1078; x_wconf 89' lang='lat' dir='ltr'>jura</span> 
     </span>
    </p>

    <p class='ocr_par' dir='ltr' id='par_1_8' title="bbox 260 1078 923 1149">
     <span class='ocr_line' id='line_1_11' title="bbox 260 1078 923 1149; baseline -0.005 -16"><span class='ocrx_word' id='word_1_64' title='bbox 260 1080 363 1149; x_wconf 84' lang='lat' dir='ltr'>Respon</span> <span class='ocrx_word' id='word_1_65' title='bbox 382 1097 425 1133; x_wconf 86' lang='lat' dir='ltr'>ere</span> <span class='ocrx_word' id='word_1_66' title='bbox 527 1096 572 1132; x_wconf 87' lang='lat' dir='ltr'>seu</span> <span class='ocrx_word' id='word_1_67' title='bbox 582 1078 675 1131; x_wconf 84' lang='lat' dir='ltr'>eondis</span> <span class='ocrx_word' id='word_1_68' title='bbox 687 1078 799 1131; x_wconf 86' lang='lat' dir='ltr'>amabile</span> <span class='ocrx_word' id='word_1_69' title='bbox 811 1094 923 1145; x_wconf 84' lang='lat' dir='ltr'>earmen,</span> 
     </span>
    </p>

    <p class='ocr_par' dir='ltr' id='par_1_9' title="bbox 260 1147 1105 1353">
     <span class='ocr_line' id='line_1_12' title="bbox 260 1147 948 1216; baseline 0 -16"><span class='ocrx_word' id='word_1_70' title='bbox 260 1148 350 1201; x_wconf 88' lang='lat' dir='ltr'>Prima</span> <span class='ocrx_word' id='word_1_71' title='bbox 361 1149 430 1201; x_wconf 81' lang='lat' dir='ltr'>ierus</span> <span class='ocrx_word' id='word_1_72' title='bbox 461 1149 545 1201; x_wconf 70' lang='lat' dir='ltr'>edera</span> <span class='ocrx_word' id='word_1_73' title='bbox 556 1148 675 1201; x_wconf 82' lang='lat' dir='ltr'>victricis</span> <span class='ocrx_word' id='word_1_74' title='bbox 686 1148 802 1216; x_wconf 84' lang='lat' dir='ltr'>praemia.</span> <span class='ocrx_word' id='word_1_75' title='bbox 838 1147 913 1213; x_wconf 84' lang='lat' dir='ltr'>Quod</span> <span class='ocrx_word' id='word_1_76' title='bbox 926 1148 948 1200; x_wconf 89' lang='lat' dir='ltr'>si</span> 
     </span>
     <span class='ocr_line' id='line_1_13' title="bbox 260 1217 1058 1286; baseline 0 -17"><span class='ocrx_word' id='word_1_77' title='bbox 260 1217 633 1286; x_wconf 78' lang='lat' dir='ltr'>Frigidaeurarumiomenta</span> <span class='ocrx_word' id='word_1_78' title='bbox 644 1217 794 1285; x_wconf 88' lang='lat' dir='ltr'>relinquere</span> <span class='ocrx_word' id='word_1_79' title='bbox 805 1234 900 1285; x_wconf 71' lang='lat' dir='ltr'>posses,</span> <span class='ocrx_word' id='word_1_80' title='bbox 1054 1220 1058 1226; x_wconf 86' lang='grc'><em>“</em></span> 
     </span>
     <span class='ocr_line' id='line_1_14' title="bbox 261 1286 819 1353; baseline 0.005 -16"><span class='ocrx_word' id='word_1_81' title='bbox 261 1286 318 1351; x_wconf 82' lang='lat' dir='ltr'>Quo</span> <span class='ocrx_word' id='word_1_82' title='bbox 330 1293 357 1340; x_wconf 90' lang='lat' dir='ltr'>te</span> <span class='ocrx_word' id='word_1_83' title='bbox 369 1286 481 1339; x_wconf 85' lang='lat' dir='ltr'>coelestis</span> <span class='ocrx_word' id='word_1_84' title='bbox 493 1303 522 1339; x_wconf 83' lang='lat' dir='ltr'>sa</span> <span class='ocrx_word' id='word_1_85' title='bbox 540 1286 623 1339; x_wconf 83' lang='lat' dir='ltr'>iuntia</span> <span class='ocrx_word' id='word_1_86' title='bbox 635 1286 750 1353; x_wconf 86' lang='lat' dir='ltr'>dueeret,</span> <span class='ocrx_word' id='word_1_87' title='bbox 762 1286 819 1339; x_wconf 83' lang='lat' dir='ltr'>ires</span> 
     </span>
    </p>

    <p class='ocr_par' dir='ltr' id='par_1_10' title="bbox 260 1355 1058 1492">
     <span class='ocr_line' id='line_1_15' title="bbox 260 1355 1058 1426; baseline 0 -17"><span class='ocrx_word' id='word_1_88' title='bbox 260 1356 320 1409; x_wconf 84' lang='lat' dir='ltr'>Hoc</span> <span class='ocrx_word' id='word_1_89' title='bbox 331 1372 404 1426; x_wconf 88' lang='lat' dir='ltr'>opus,</span> <span class='ocrx_word' id='word_1_90' title='bbox 416 1356 466 1408; x_wconf 84' lang='lat' dir='ltr'>hoe</span> <span class='ocrx_word' id='word_1_91' title='bbox 477 1361 521 1408; x_wconf 89' lang='lat' dir='ltr'>stu</span> <span class='ocrx_word' id='word_1_92' title='bbox 541 1355 595 1407; x_wconf 73' lang='lat' dir='ltr'>&#39;run</span> <span class='ocrx_word' id='word_1_93' title='bbox 607 1355 683 1423; x_wconf 81' lang='lat' dir='ltr'>parvi</span> <span class='ocrx_word' id='word_1_94' title='bbox 694 1371 861 1423; x_wconf 74' lang='lat' dir='ltr'>properemus</span> <span class='ocrx_word' id='word_1_95' title='bbox 874 1360 901 1408; x_wconf 88' lang='lat' dir='ltr'>et</span> <span class='ocrx_word' id='word_1_96' title='bbox 912 1356 1004 1424; x_wconf 83' lang='lat' dir='ltr'>ampli,</span> <span class='ocrx_word' id='word_1_97' title='bbox 1055 1356 1058 1361; x_wconf 83' lang='lat'>&#39;</span> 
     </span>
     <span class='ocr_line' id='line_1_16' title="bbox 260 1424 827 1492; baseline 0 -14"><span class='ocrx_word' id='word_1_98' title='bbox 260 1424 289 1479; x_wconf 79' lang='lat' dir='ltr'>si</span> <span class='ocrx_word' id='word_1_99' title='bbox 335 1426 393 1478; x_wconf 86' lang='lat' dir='ltr'>triae</span> <span class='ocrx_word' id='word_1_100' title='bbox 405 1425 532 1492; x_wconf 80' lang='lat' dir='ltr'>volumus,</span> <span class='ocrx_word' id='word_1_101' title='bbox 544 1424 567 1476; x_wconf 89' lang='lat' dir='ltr'>si</span> <span class='ocrx_word' id='word_1_102' title='bbox 577 1424 653 1477; x_wconf 86' lang='lat' dir='ltr'>nobis</span> <span class='ocrx_word' id='word_1_103' title='bbox 666 1424 754 1476; x_wconf 76' lang='lat' dir='ltr'>virere</span> <span class='ocrx_word' id='word_1_104' title='bbox 766 1424 827 1478; x_wconf 82' lang='lat' dir='ltr'>uari.</span> 
     </span>
    </p>

    <p class='ocr_par' dir='ltr' id='par_1_11' title="bbox 260 1444 1058 1629">
     <span class='ocr_line' id='line_1_17' title="bbox 260 1444 1058 1560; baseline -0.003 -13"><span class='ocrx_word' id='word_1_105' title='bbox 260 1444 346 1552; x_wconf 57' lang='lat' dir='ltr'>Dedgs</span> <span class='ocrx_word' id='word_1_106' title='bbox 358 1495 407 1548; x_wconf 88' lang='lat' dir='ltr'>hoe</span> <span class='ocrx_word' id='word_1_107' title='bbox 418 1495 500 1548; x_wconf 84' lang='lat' dir='ltr'>etiam</span> <span class='ocrx_word' id='word_1_108' title='bbox 511 1492 658 1560; x_wconf 79' lang='lat' dir='ltr'>rescribere,</span> <span class='ocrx_word' id='word_1_109' title='bbox 669 1493 693 1545; x_wconf 85' lang='lat' dir='ltr'>si</span> <span class='ocrx_word' id='word_1_110' title='bbox 705 1493 755 1545; x_wconf 88' lang='lat' dir='ltr'>tibi</span> <span class='ocrx_word' id='word_1_111' title='bbox 767 1508 836 1545; x_wconf 79' lang='lat' dir='ltr'>aurae</span> <span class='ocrx_word' id='word_1_112' title='bbox 1021 1498 1058 1547; x_wconf 81' lang='lat'>30</span> 
     </span>
     <span class='ocr_line' id='line_1_18' title="bbox 261 1562 897 1629; baseline -0.003 -12"><span class='ocrx_word' id='word_1_113' title='bbox 261 1564 375 1628; x_wconf 76' lang='lat' dir='ltr'>Quantae</span> <span class='ocrx_word' id='word_1_114' title='bbox 386 1564 527 1617; x_wconf 80' lang='lat' dir='ltr'>eonveniat</span> <span class='ocrx_word' id='word_1_115' title='bbox 538 1562 685 1629; x_wconf 76' lang='lat' dir='ltr'>Munatius,</span> <span class='ocrx_word' id='word_1_116' title='bbox 698 1579 733 1615; x_wconf 85' lang='lat' dir='ltr'>an</span> <span class='ocrx_word' id='word_1_117' title='bbox 743 1562 814 1615; x_wconf 82' lang='lat' dir='ltr'>mals</span> <span class='ocrx_word' id='word_1_118' title='bbox 825 1566 897 1615; x_wconf 82' lang='lat' dir='ltr'>sarta</span> 
     </span>
    </p>

    <p class='ocr_par' dir='ltr' id='par_1_12' title="bbox 262 1631 954 1701">
     <span class='ocr_line' id='line_1_19' title="bbox 262 1631 954 1701; baseline 0 -16"><span class='ocrx_word' id='word_1_119' title='bbox 262 1633 353 1686; x_wconf 83' lang='lat' dir='ltr'>Gratia</span> <span class='ocrx_word' id='word_1_120' title='bbox 363 1633 543 1701; x_wconf 68' lang='lat' dir='ltr'>nequidquam</span> <span class='ocrx_word' id='word_1_121' title='bbox 552 1632 608 1685; x_wconf 82' lang='lat' dir='ltr'>eoit</span> <span class='ocrx_word' id='word_1_122' title='bbox 621 1636 648 1683; x_wconf 88' lang='lat' dir='ltr'>et</span> <span class='ocrx_word' id='word_1_123' title='bbox 659 1631 824 1685; x_wconf 78' lang='lat' dir='ltr'>rescinditur.</span> <span class='ocrx_word' id='word_1_124' title='bbox 859 1631 897 1684; x_wconf 81' lang='lat' dir='ltr'>At</span> <span class='ocrx_word' id='word_1_125' title='bbox 908 1649 954 1685; x_wconf 78' lang='lat' dir='ltr'>vus</span> 
     </span>
    </p>

    <p class='ocr_par' dir='ltr' id='par_1_13' title="bbox 261 1699 911 1769">
     <span class='ocr_line' id='line_1_20' title="bbox 261 1699 911 1769; baseline -0.002 -15"><span class='ocrx_word' id='word_1_126' title='bbox 261 1700 314 1754; x_wconf 84' lang='lat' dir='ltr'>Seu</span> <span class='ocrx_word' id='word_1_127' title='bbox 326 1702 427 1755; x_wconf 87' lang='lat' dir='ltr'>calidus</span> <span class='ocrx_word' id='word_1_128' title='bbox 438 1701 545 1769; x_wconf 83' lang='lat' dir='ltr'>sanguis</span> <span class='ocrx_word' id='word_1_129' title='bbox 558 1717 603 1752; x_wconf 88' lang='lat' dir='ltr'>seu</span> <span class='ocrx_word' id='word_1_130' title='bbox 615 1716 703 1752; x_wconf 85' lang='lat' dir='ltr'>rerum</span> <span class='ocrx_word' id='word_1_131' title='bbox 715 1699 819 1752; x_wconf 77' lang='lat' dir='ltr'>inscitia</span> <span class='ocrx_word' id='word_1_132' title='bbox 831 1706 911 1753; x_wconf 78' lang='lat' dir='ltr'>vexat</span> 
     </span>
    </p>

    <p class='ocr_par' dir='ltr' id='par_1_14' title="bbox 262 1768 884 1837">
     <span class='ocr_line' id='line_1_21' title="bbox 262 1768 884 1837; baseline 0.003 -16"><span class='ocrx_word' id='word_1_133' title='bbox 262 1769 395 1823; x_wconf 77' lang='lat' dir='ltr'>Indomita</span> <span class='ocrx_word' id='word_1_134' title='bbox 407 1770 507 1824; x_wconf 73' lang='lat' dir='ltr'>ceruice</span> <span class='ocrx_word' id='word_1_135' title='bbox 518 1770 593 1836; x_wconf 84' lang='lat' dir='ltr'>ferus,</span> <span class='ocrx_word' id='word_1_136' title='bbox 606 1768 755 1837; x_wconf 84' lang='lat' dir='ltr'>ubicunque</span> <span class='ocrx_word' id='word_1_137' title='bbox 767 1770 884 1823; x_wconf 83' lang='lat' dir='ltr'>locorum</span> 
     </span>
    </p>

    <p class='ocr_par' dir='ltr' id='par_1_15' title="bbox 263 1836 879 1907">
     <span class='ocr_line' id='line_1_22' title="bbox 263 1836 879 1907; baseline 0 -17"><span class='ocrx_word' id='word_1_138' title='bbox 263 1837 367 1904; x_wconf 76' lang='lat' dir='ltr'>vivitis,</span> <span class='ocrx_word' id='word_1_139' title='bbox 379 1837 483 1906; x_wconf 84' lang='lat' dir='ltr'>indigni</span> <span class='ocrx_word' id='word_1_140' title='bbox 494 1839 642 1889; x_wconf 84' lang='lat' dir='ltr'>fraternum</span> <span class='ocrx_word' id='word_1_141' title='bbox 653 1854 775 1907; x_wconf 82' lang='lat' dir='ltr'>rumpere</span> <span class='ocrx_word' id='word_1_142' title='bbox 786 1836 879 1904; x_wconf 72' lang='lat' dir='ltr'>fedus,</span> 
     </span>
    </p>

    <p class='ocr_par' dir='ltr' id='par_1_16' title="bbox 262 1905 910 1975">
     <span class='ocr_line' id='line_1_23' title="bbox 262 1905 910 1975; baseline 0.003 -17"><span class='ocrx_word' id='word_1_143' title='bbox 262 1905 383 1959; x_wconf 81' lang='lat' dir='ltr'>Pascitur</span> <span class='ocrx_word' id='word_1_144' title='bbox 394 1907 423 1958; x_wconf 90' lang='lat' dir='ltr'>in</span> <span class='ocrx_word' id='word_1_145' title='bbox 435 1912 557 1958; x_wconf 80' lang='lat' dir='ltr'>restrum</span> <span class='ocrx_word' id='word_1_146' title='bbox 563 1906 679 1959; x_wconf 87' lang='lat' dir='ltr'>reditum</span> <span class='ocrx_word' id='word_1_147' title='bbox 691 1907 781 1959; x_wconf 78' lang='lat' dir='ltr'>votiva</span> <span class='ocrx_word' id='word_1_148' title='bbox 788 1907 910 1975; x_wconf 80' lang='lat' dir='ltr'>juvenea.</span> 
     </span>
    </p>
   </div>
   <div class='ocr_carea' id='block_1_4' title="bbox 347 2084 953 2142">
    <p class='ocr_par' dir='ltr' id='par_1_17' title="bbox 347 2084 953 2142">
     <span class='ocr_line' id='line_1_24' title="bbox 347 2084 953 2142; baseline -0.012 -1"><span class='ocrx_word' id='word_1_149' title='bbox 347 2085 521 2142; x_wconf 76' lang='lat' dir='ltr'>EPIS&#39;POLA</span> <span class='ocrx_word' id='word_1_150' title='bbox 540 2084 663 2139; x_wconf 46' lang='grc' dir='ltr'>Νη»</span> <span class='ocrx_word' id='word_1_151' title='bbox 675 2096 786 2137; x_wconf 75' lang='lat' dir='ltr'>mnus</span> <span class='ocrx_word' id='word_1_152' title='bbox 799 2097 953 2137; x_wconf 71' lang='lat' dir='ltr'>urrunnun.</span> 
     </span>
    </p>
   </div>
   <div class='ocr_carea' id='block_1_5' title="bbox 262 2188 1059 2937">
    <p class='ocr_par' dir='ltr' id='par_1_18' title="bbox 263 2188 876 2259">
     <span class='ocr_line' id='line_1_25' title="bbox 263 2188 876 2259; baseline -0.003 -16"><span class='ocrx_word' id='word_1_153' title='bbox 263 2189 332 2257; x_wconf 80' lang='lat' dir='ltr'>Albi,</span> <span class='ocrx_word' id='word_1_154' title='bbox 344 2197 492 2244; x_wconf 90' lang='lat' dir='ltr'>nostrorum</span> <span class='ocrx_word' id='word_1_155' title='bbox 503 2206 652 2242; x_wconf 87' lang='lat' dir='ltr'>sermonum</span> <span class='ocrx_word' id='word_1_156' title='bbox 665 2188 775 2242; x_wconf 79' lang='lat' dir='ltr'>candide</span> <span class='ocrx_word' id='word_1_157' title='bbox 783 2188 876 2259; x_wconf 83' lang='lat' dir='ltr'>judex,</span> 
     </span>
    </p>

    <p class='ocr_par' dir='ltr' id='par_1_19' title="bbox 262 2256 1002 2669">
     <span class='ocr_line' id='line_1_26' title="bbox 264 2256 946 2326; baseline -0.003 -16"><span class='ocrx_word' id='word_1_158' title='bbox 264 2260 334 2324; x_wconf 82' lang='lat' dir='ltr'>Quid</span> <span class='ocrx_word' id='word_1_159' title='bbox 345 2277 417 2313; x_wconf 83' lang='lat' dir='ltr'>nunc</span> <span class='ocrx_word' id='word_1_160' title='bbox 428 2266 456 2312; x_wconf 88' lang='lat' dir='ltr'>te</span> <span class='ocrx_word' id='word_1_161' title='bbox 468 2258 554 2311; x_wconf 85' lang='lat' dir='ltr'>dicam</span> <span class='ocrx_word' id='word_1_162' title='bbox 564 2258 651 2311; x_wconf 82' lang='lat' dir='ltr'>fauere</span> <span class='ocrx_word' id='word_1_163' title='bbox 663 2258 691 2309; x_wconf 93' lang='lat' dir='ltr'>in</span> <span class='ocrx_word' id='word_1_164' title='bbox 703 2259 809 2326; x_wconf 77' lang='lat' dir='ltr'>regione</span> <span class='ocrx_word' id='word_1_165' title='bbox 821 2256 946 2311; x_wconf 81' lang='lat' dir='ltr'>Pedauai</span> 
     </span>
     <span class='ocr_line' id='line_1_27' title="bbox 263 2326 955 2397; baseline -0.007 -15"><span class='ocrx_word' id='word_1_166' title='bbox 263 2328 380 2382; x_wconf 80' lang='lat' dir='ltr'>Scribere</span> <span class='ocrx_word' id='word_1_167' title='bbox 392 2329 461 2397; x_wconf 88' lang='lat' dir='ltr'>quod</span> <span class='ocrx_word' id='word_1_168' title='bbox 474 2327 546 2381; x_wconf 81' lang='lat' dir='ltr'>Cassi</span> <span class='ocrx_word' id='word_1_169' title='bbox 559 2326 708 2379; x_wconf 83' lang='lat' dir='ltr'>Parmensis</span> <span class='ocrx_word' id='word_1_170' title='bbox 720 2327 846 2395; x_wconf 85' lang='lat' dir='ltr'>opuscula</span> <span class='ocrx_word' id='word_1_171' title='bbox 858 2327 955 2393; x_wconf 83' lang='lat' dir='ltr'>vincat,</span> 
     </span>
     <span class='ocr_line' id='line_1_28' title="bbox 263 2395 852 2463; baseline 0.002 -15"><span class='ocrx_word' id='word_1_172' title='bbox 263 2395 307 2448; x_wconf 83' lang='lat' dir='ltr'>An</span> <span class='ocrx_word' id='word_1_173' title='bbox 318 2397 430 2449; x_wconf 75' lang='lat' dir='ltr'>tacitum</span> <span class='ocrx_word' id='word_1_174' title='bbox 443 2396 521 2449; x_wconf 74' lang='lat' dir='ltr'>siivas</span> <span class='ocrx_word' id='word_1_175' title='bbox 532 2397 603 2449; x_wconf 80' lang='lat' dir='ltr'>inter</span> <span class='ocrx_word' id='word_1_176' title='bbox 614 2401 717 2463; x_wconf 83' lang='lat' dir='ltr'>reptare</span> <span class='ocrx_word' id='word_1_177' title='bbox 729 2395 852 2463; x_wconf 70' lang='lat' dir='ltr'>salubres,</span> 
     </span>
     <span class='ocr_line' id='line_1_29' title="bbox 265 2463 1002 2533; baseline 0.001 -18"><span class='ocrx_word' id='word_1_178' title='bbox 265 2464 406 2516; x_wconf 69' lang='lat' dir='ltr'>(iurantem</span> <span class='ocrx_word' id='word_1_179' title='bbox 418 2464 547 2533; x_wconf 90' lang='lat' dir='ltr'>quidquid</span> <span class='ocrx_word' id='word_1_180' title='bbox 560 2464 671 2531; x_wconf 82' lang='lat' dir='ltr'>dignum</span> <span class='ocrx_word' id='word_1_181' title='bbox 684 2464 802 2533; x_wconf 87' lang='lat' dir='ltr'>sapiente</span> <span class='ocrx_word' id='word_1_182' title='bbox 813 2464 932 2532; x_wconf 86' lang='lat' dir='ltr'>bonoque</span> <span class='ocrx_word' id='word_1_183' title='bbox 944 2463 1002 2516; x_wconf 79' lang='lat' dir='ltr'>esti</span> 
     </span>
     <span class='ocr_line' id='line_1_30' title="bbox 262 2530 996 2600; baseline 0 -17"><span class='ocrx_word' id='word_1_184' title='bbox 262 2530 324 2583; x_wconf 83' lang='lat' dir='ltr'>Non</span> <span class='ocrx_word' id='word_1_185' title='bbox 336 2537 367 2582; x_wconf 92' lang='lat' dir='ltr'>tu</span> <span class='ocrx_word' id='word_1_186' title='bbox 379 2549 471 2599; x_wconf 85' lang='lat' dir='ltr'>eorpus</span> <span class='ocrx_word' id='word_1_187' title='bbox 483 2549 539 2583; x_wconf 87' lang='lat' dir='ltr'>eras</span> <span class='ocrx_word' id='word_1_188' title='bbox 551 2532 607 2582; x_wconf 89' lang='lat' dir='ltr'>sine</span> <span class='ocrx_word' id='word_1_189' title='bbox 619 2538 730 2599; x_wconf 77' lang='lat' dir='ltr'>pectore.</span> <span class='ocrx_word' id='word_1_190' title='bbox 765 2532 802 2585; x_wconf 90' lang='lat' dir='ltr'>Di</span> <span class='ocrx_word' id='word_1_191' title='bbox 815 2534 865 2585; x_wconf 88' lang='lat' dir='ltr'>tibi</span> <span class='ocrx_word' id='word_1_192' title='bbox 875 2533 996 2600; x_wconf 86' lang='lat' dir='ltr'>formam,</span> 
     </span>
     <span class='ocr_line' id='line_1_31' title="bbox 264 2598 895 2669; baseline 0.005 -18"><span class='ocrx_word' id='word_1_193' title='bbox 264 2598 300 2651; x_wconf 88' lang='lat' dir='ltr'>Di</span> <span class='ocrx_word' id='word_1_194' title='bbox 313 2599 363 2651; x_wconf 93' lang='lat' dir='ltr'>tibi</span> <span class='ocrx_word' id='word_1_195' title='bbox 375 2599 481 2650; x_wconf 87' lang='lat' dir='ltr'>divitias</span> <span class='ocrx_word' id='word_1_196' title='bbox 494 2599 623 2650; x_wconf 90' lang='lat' dir='ltr'>dederunt</span> <span class='ocrx_word' id='word_1_197' title='bbox 635 2606 770 2669; x_wconf 84' lang='lat' dir='ltr'>artemque</span> <span class='ocrx_word' id='word_1_198' title='bbox 782 2600 895 2654; x_wconf 76' lang='lat' dir='ltr'>fluendi.</span> 
     </span>
    </p>

    <p class='ocr_par' dir='ltr' id='par_1_20' title="bbox 265 2666 893 2735">
     <span class='ocr_line' id='line_1_32' title="bbox 265 2666 893 2735; baseline 0.005 -17"><span class='ocrx_word' id='word_1_199' title='bbox 265 2667 336 2731; x_wconf 84' lang='lat' dir='ltr'>Quid</span> <span class='ocrx_word' id='word_1_200' title='bbox 347 2672 441 2718; x_wconf 86' lang='lat' dir='ltr'>voveat</span> <span class='ocrx_word' id='word_1_201' title='bbox 454 2666 525 2717; x_wconf 88' lang='lat' dir='ltr'>dulci</span> <span class='ocrx_word' id='word_1_202' title='bbox 536 2666 671 2719; x_wconf 80' lang='lat' dir='ltr'>nutricula</span> <span class='ocrx_word' id='word_1_203' title='bbox 682 2670 767 2735; x_wconf 84' lang='lat' dir='ltr'>majus</span> <span class='ocrx_word' id='word_1_204' title='bbox 779 2668 893 2734; x_wconf 90' lang='lat' dir='ltr'>alumno,</span> 
     </span>
    </p>

    <p class='ocr_par' dir='ltr' id='par_1_21' title="bbox 263 2734 1059 2937">
     <span class='ocr_line' id='line_1_33' title="bbox 265 2734 898 2804; baseline 0.008 -18"><span class='ocrx_word' id='word_1_205' title='bbox 265 2735 318 2799; x_wconf 79' lang='lat' dir='ltr'>Qui</span> <span class='ocrx_word' id='word_1_206' title='bbox 330 2752 420 2803; x_wconf 84' lang='lat' dir='ltr'>sapere</span> <span class='ocrx_word' id='word_1_207' title='bbox 432 2739 459 2785; x_wconf 89' lang='lat' dir='ltr'>et</span> <span class='ocrx_word' id='word_1_208' title='bbox 471 2734 522 2785; x_wconf 82' lang='lat' dir='ltr'>fari</span> <span class='ocrx_word' id='word_1_209' title='bbox 534 2734 615 2801; x_wconf 86' lang='lat' dir='ltr'>possit</span> <span class='ocrx_word' id='word_1_210' title='bbox 627 2750 685 2802; x_wconf 83' lang='lat' dir='ltr'>quae</span> <span class='ocrx_word' id='word_1_211' title='bbox 698 2737 802 2804; x_wconf 86' lang='lat' dir='ltr'>sentiat,</span> <span class='ocrx_word' id='word_1_212' title='bbox 815 2745 842 2789; x_wconf 89' lang='lat' dir='ltr'>et</span> <span class='ocrx_word' id='word_1_213' title='bbox 854 2738 898 2791; x_wconf 84' lang='lat' dir='ltr'>uui</span> 
     </span>
     <span class='ocr_line' id='line_1_34' title="bbox 265 2801 1059 2870; baseline 0.009 -16"><span class='ocrx_word' id='word_1_214' title='bbox 265 2802 363 2870; x_wconf 82' lang='lat' dir='ltr'>Gratia,</span> <span class='ocrx_word' id='word_1_215' title='bbox 376 2802 454 2867; x_wconf 82' lang='lat' dir='ltr'>fama,</span> <span class='ocrx_word' id='word_1_216' title='bbox 466 2801 591 2854; x_wconf 79' lang='lat' dir='ltr'>valetudo</span> <span class='ocrx_word' id='word_1_217' title='bbox 603 2802 740 2869; x_wconf 84' lang='lat' dir='ltr'>continget</span> <span class='ocrx_word' id='word_1_218' title='bbox 752 2804 857 2857; x_wconf 83' lang='lat' dir='ltr'>abunde</span> <span class='ocrx_word' id='word_1_219' title='bbox 1024 2812 1059 2861; x_wconf 91' lang='grc'>10</span> 
     </span>
     <span class='ocr_line' id='line_1_35' title="bbox 263 2868 899 2937; baseline 0.009 -16"><span class='ocrx_word' id='word_1_220' title='bbox 263 2868 301 2921; x_wconf 80' lang='lat' dir='ltr'>Et</span> <span class='ocrx_word' id='word_1_221' title='bbox 312 2872 426 2922; x_wconf 86' lang='lat' dir='ltr'>mundus</span> <span class='ocrx_word' id='word_1_222' title='bbox 438 2870 531 2937; x_wconf 67' lang='lat' dir='ltr'>mutua</span> <span class='ocrx_word' id='word_1_223' title='bbox 542 2886 596 2921; x_wconf 91' lang='lat' dir='ltr'>non</span> <span class='ocrx_word' id='word_1_224' title='bbox 609 2869 745 2923; x_wconf 81' lang='lat' dir='ltr'>deficiente</span> <span class='ocrx_word' id='word_1_225' title='bbox 757 2873 899 2927; x_wconf 71' lang='lat' dir='ltr'>crumena?</span> 
     </span>
    </p>
   </div>
   <div class='ocr_carea' id='block_1_6' title="bbox 0 0 1220 3317">
    <p class='ocr_par' dir='ltr' id='par_1_22' title="bbox 0 0 1220 3317">
     <span class='ocr_line' id='line_1_36' title="bbox 0 0 1220 3317; baseline 0 0"><span class='ocrx_word' id='word_1_226' title='bbox 0 0 1220 3317; x_wconf 95' lang='lat' dir='ltr'> </span> 
     </span>
    </p>
   </div>
  </div>
 </body>
</html>
