2409 3317
230 361 280 413 132
489 402 493 408 .
533 354 713 410 ,Honsffl
775 358 782 403 “.

227 453 315 521 Atque
327 460 407 506 aestus
419 458 546 521 curasque
558 470 650 520 graves
662 469 678 504 e
689 457 793 521 pectore
805 450 887 520 pellil
920 468 926 474 ·
948 452 1034 505 ²116

226 521 319 574 Nonne
331 522 498 591 cupidinibus
511 527 612 573 statuat
623 529 720 573 natura
730 520 838 572 modum
847 536 936 589 quem,
1027 522 1035 525 “

227 589 296 653 Quid
308 590 395 644 latura
407 590 457 642 sibi
468 590 531 658 quid
543 589 577 642 sit
589 589 705 642 dolitura
716 596 851 657 negatum,
965 592 968 595 ’
1024 590 1034 639 3

227 658 347 721 Quaerere
358 660 418 740 plus
430 658 534 727 prodest
546 664 573 710 et
584 657 665 710 inane
675 657 827 711 abscindere
839 655 928 710 soldol
988 677 993 682 ·
1028 726 1032 729 .

225 726 305 793 Num,
317 726 367 779 tib1
379 745 460 797 quum
472 728 561 779 fsuces
573 725 629 780 urit
640 726 705 791 sitis,
716 743 796 779 aurea
808 725 904 793 quaeris

225 794 341 849 Poculal
358 813 423 849 num
434 793 765 861 esuriensiastidisomnia
774 799 873 876 prester
998 822 1032 829 ·-

225 863 357 917 Pavonem
372 862 580 945 rbombumquel
606 862 721 917 domem
732 862 782 916 tibi
797 879 881 932 quum
894 861 1029 937 inguina,

293 950 358 987 num
379 950 401 985 s1
693 952 696 955 ⁴

224 1000 329 1054 Ancilla
340 974 388 1053 abt
400 1018 480 1054 verna
491 1005 531 1053 est
543 1005 639 1068 praesto
650 1006 739 1068 puerb,
750 1000 866 1072 impetus
876 998 906 1051 in
917 1014 998 1067 quem

225 1069 354 1122 Continuo
365 1070 420 1136 fiat,
432 1070 508 1123 malis
520 1069 651 1136 tentigine
661 1085 721 1120 rum
739 1068 767 1121 il

225 1136 286 1189 Non
295 1155 356 1205 ego:
368 1154 482 1206 namque
490 1135 634 1205 parabilem
642 1153 701 1188 amo
735 1153 838 1189 onerem
849 1134 1030 1214 facilemque..
1117 1161 1118 1164 ¹

224 1206 309 1271 Illam,
322 1206 404 1258 “Post
435 1203 539 1257 aull0:'’
557 1203 630 1255 “Sed
661 1202 726 1255 luris
735 1203 759 1255 :”
777 1203 825 1255 “Si
836 1199 1018 1254 exierit·v1r:'’

224 1271 312 1337 Gallis,
320 1272 420 1325 hancP
440 1271 566 1325 'edemus
573 1220 943 1339 aitsiliqusenequemagno
961 1273 1023 1345 121-

225 1339 283 1392 Stet
295 1341 379 1420 pretio
390 1357 474 1409 neque
486 1345 633 1404 cunctetur,
663 1356 727 1391 unm
738 1345 778 1391 est
786 1340 861 1407 jussa
872 1337 966 1392 venire.

223 1408 341 1461 Candrde
348 1415 472 1477 rectaque
480 1408 531 1471 sit;
547 1407 647 1461 munda
707 1414 790 1473 tenus,
798 1413 829 1459 ut
839 1423 924 1473 neque
933 1406 1016 1475 longa

227 1476 281 1528 Nec
294 1478 378 1545 magis
390 1478 450 1531 alba
461 1476 533 1544 velit,
545 1493 625 1545 quam
637 1475 684 1527 dat
696 1481 798 1541 notura,
811 1474 901 1528 videri.

224 1544 290 1598 Hoec
302 1546 348 1597 ubi
361 1546 498 1627 supposuit
510 1545 602 1599 dextro
615 1561 708 1612 corpus
719 1544 786 1595 mihi
798 1543 902 1610 levum,

223 1612 274 1671 Ilia
285 1620 313 1668 et
325 1613 420 1683 Egersa
431 1620 485 1667 est:
503 1614 537 1667 do
548 1629 644 1667 nomen
656 1611 791 1679 quodlibet
802 1611 851 1677 illi,

222 1681 278 1734 Nec
291 1700 386 1749 vereor,
398 1700 439 1749 ne,
451 1683 516 1735 dum
527 1682 613 1749 tutuo,
625 1680 666 1732 vir
677 1697 738 1732 rure
748 1685 873 1745 recurrat,

221 1750 311 1803 Janua
322 1751 469 1818 frangatur,
482 1750 561 1802 latret
573 1747 783 1816 eanis,undique
794 1764 892 1815 magno
1019 1792 1023 1797 .

221 1818 301 1871 Pulsa
312 1818 405 1871 domus
417 1818 529 1886 strepitu
541 1824 651 1883 resonet,
664 1816 706 1869 vel
717 1816 832 1885 pallidak
844 1816 912 1869 lecto

220 1886 331 1939 Desiliat
343 1886 445 1953 mulier,
456 1886 578 1938 miseram
590 1903 617 1937 se
629 1885 733 1938 conscia
744 1886 846 1952 clamet,
958 1888 1011 1937 130

221 1954 344 2007 Oruribus
355 1955 412 2007 hsce
424 1960 533 2019 metuat,
546 1953 602 2006 doti
614 1953 748 2021 deprensa,
760 1958 863 2020 egomet
874 1953 921 2009 nsi.

219 2023 355 2076 Discincta
367 2023 459 2076 tunica
471 2022 627 2091 fugiendum
638 2028 679 2075 est
690 2039 722 2075 ac
732 2022 799 2090 pede
809 2021 889 2088 nudo,

220 2090 262 2144 Ne
273 2093 375 2144 nummi
388 2097 497 2173 pereant
507 2097 555 2145 aut
586 2108 603 2143 u
648 2096 697 2143 aut
709 2090 821 2157 denique
832 2090 911 2143 fama.
1008 2095 1016 2123 '-

219 2160 352 2229 Deprendi
363 2178 487 2215 mrserum
498 2166 553 2225 est3
566 2109 593 2213 ll
628 2159 654 2211 io
665 2157 707 2212 vel
715 2158 807 2228 judice
818 2158 930 2213 vincam.

511 2326 640 2381 esrum
658 2325 710 2379 111.

219 2438 347 2489 Ounrsus
358 2435 408 2489 hoc
420 2437 516 2490 vitium
527 2442 568 2489 est
579 2434 735 2501 cantoribus,
748 2434 817 2487 inter
828 2434 927 2487 amicos
1013 2432 1018 2482 ἶ

218 2504 255 2556 Ut
267 2522 403 2573 nunquam
414 2505 543 2558 inducant
554 2504 673 2557 animum
683 2509 794 2556 eantare*
801 2502 895 2571 segeti,

218 2573 316 2641 Injussi
327 2590 463 2640 nunquam
475 2573 610 2625 desistant.
645 2572 743 2625 Sardus
754 2570 868 2624 habebat

219 2641 268 2701 Ille
281 2641 406 2709 Tigellius
418 2641 474 2693 hoo.
510 2640 601 2707 Gaesar,
614 2640 660 2709 qui
671 2656 762 2707 eogere
773 2645 867 2708 posset,

217 2708 245 2761 Si
258 2714 359 2790 peteret
370 2726 418 2777 per
429 2708 573 2761 amicitiam
584 2709 667 2776 patris
679 2715 757 2775 atque
769 2725 850 2775 suem,
863 2723 916 2760 non
1008 2709 1012 2716 “

218 2777 368 2847 Quidquam
379 2776 515 2845 proficeret
521 2795 530 2842 ;
547 2776 570 2831 si
581 2775 749 2842 collibuisset,
760 2774 794 2828 ab
806 2790 855 2828 ovo

325 2865 332 2897 Ι
346 2865 383 2905 sut
391 2874 443 2916 puer
609 2861 618 2887 l
631 2859 737 2912 sepulum
767 2872 794 2901 ne
803 2860 883 2913 pallida
