2409 3317
390 334 602 390 ssssueuuu
620 334 661 389 11.
680 338 705 403 n
723 337 749 389 ³.
915 335 967 385 ses

172 432 255 489 Iretis
266 440 346 489 ustus
357 436 443 505 paries
455 436 505 491 Dis
516 442 596 506 etque
608 439 701 507 postis.

172 504 260 573 Atqui
271 504 361 559 vultus
372 512 429 559 eret
440 506 526 561 multe
538 514 565 561 et
576 508 704 577 preclaro
714 509 849 578 minentis,

172 572 202 626 si
215 590 329 627 sonuum
340 575 429 645 tepido
441 577 551 644 cepisset
562 577 656 631 villule
667 583 745 632 tecto.
931 584 965 633 10

173 640 305 707 Quorsum
335 644 445 697 ertinuit
457 645 554 714 stipere
567 645 679 701 Pletonu
690 646 844 714 Menandro,

172 709 296 779 Eupolis,
309 660 501 780 imhuoehum,
513 714 620 771 comites
632 716 742 769 educere
753 716 860 771 tentoni

172 777 306 833 Invidiam
318 780 422 850 placere
434 800 510 851 peres
522 784 622 839 virtute
632 784 742 839 resistet

172 848 345 904 Contemnere
354 851 449 915 misen
467 852 576 907 viteudu
588 858 628 907 est
639 853 758 922 improbo
769 853 845 910 Siren

171 916 287 986 Desidia,
299 925 347 972 eut
359 920 487 989 quidquid
500 921 556 977 rite
567 921 674 975 meliore
677 923 792 1044 lquroetq

171 985 329 1043 Ponendum
341 1004 416 1058 equo
428 988 543 1043 πώποθ’
561 989 619 1041 “])ἱ
632 993 667 1055 tc,
777 991 784 1004 '
804 1007 844 1059 pc,
853 989 968 1061 Deosque

170 1055 273 1109 Verum
284 1056 318 1109 ob
330 1057 468 1113 consilium
480 1057 579 1113 donent
590 1007 874 1113 unummuffunds

170 1123 238 1177 'tem
245 1124 311 1181 benc
318 1126 438 1181 menosti
445 1125 471 1179 φ’
490 1127 650 1195 “Postquam
657 1127 741 1181 omnis
750 1145 791 1181 res
800 1128 966 1184 meeJnnum

171 1192 214 1245 Ad
226 1193 343 1247 medium
354 1194 439 1249 fracte
450 1199 497 1259 est,
508 1194 595 1249 aliene
607 1194 713 1261 negotio
724 1210 794 1260 curo,

170 1260 306 1317 Excussus
317 1263 435 1332 propriis
470 1262 540 1317 Olim
551 1280 614 1315 mm
626 1279 741 1331 quaerere
751 1260 881 1330 eruebam,
927 1264 962 1314 20

171 1330 231 1394 Quo
243 1331 316 1383 veser
327 1330 373 1385 ille
384 1332 462 1400 pedes
474 1332 581 1385 levisset
592 1331 720 1399 Sisyphus
732 1347 790 1397 sere,

172 1398 244 1463 Quid
257 1398 389 1467 sculptum
400 1400 509 1465 infabre,
539 1400 585 1451 uid
597 1400 688 1451 tirsum
699 1399 790 1452 durius
802 1405 884 1451 acet:

172 1466 290 1525 Callidus
302 1466 365 1519 huic
377 1467 451 1535 signo
497 1484 530 1521 nc
603 1467 689 1519 millio
699 1472 822 1531 centum

171 1534 271 1589 Hortos
283 1535 451 1604 egregiusque
482 1552 551 1589 omos
563 1536 702 1590 mercarier
713 1552 782 1588 unm

171 1604 239 1657 (ium
250 1605 324 1657 luero
335 1619 441 1667 norom3
458 1604 529 1657 unde
540 1604 691 1671 frequentin
703 1602 860 1657 Mercurinie

169 1676 320 1744 Imposuere
331 1674 399 1727 mihi
410 1688 553 1741 cognomen
565 1670 704 1737 compium
740 1671 755 1698 “
762 1670 838 1737 Novi,

169 1743 206 1797 Et
218 1743 298 1795 miror
308 1741 392 1795 morbi
403 1746 548 1810 purgatum
560 1745 587 1793 te
599 1738 695 1793 illius''
730 1739 838 1809 “Atqui

170 1812 276 1865 timorit
288 1816 402 1865 veterem
413 1810 478 1863 mire
489 1824 580 1871 novus,
592 1814 624 1861 ut
636 1809 709 1873 solet,
721 1809 750 1863 in
761 1826 806 1863 cor

170 1881 292 1949 Trejecto
303 1880 391 1934 leteris
403 1878 491 1933 miseri
504 1878 630 1947 capitisve
641 1878 737 1945 dolore,
822 1876 908 1947 [ΝΡ
925 1882 961 1933 30

170 1949 209 2003 Ut
225 1949 386 2018 lethargicus
404 1948 447 2001 hic
466 1964 549 2016 quum
571 1947 603 2001 fit
626 1947 702 2016 pugil
719 1952 747 2001 et
763 1948 898 2001 medicum
916 1965 962 2001 ur-

171 2018 260 2071 “Dum
269 2017 375 2086 nequid
387 2017 472 2071 simile
483 2016 552 2083 hue,
562 2021 618 2069 esto
629 2022 661 2068 ut
672 2016 763 2068 libet”
787 2017 829 2069 “0
841 2016 915 2084 bone,
927 2034 962 2070 ne

172 2086 307 2138 Fnutrerc
319 2104 325 2147 ;
342 2085 441 2139 insonis
452 2090 479 2137 et
491 2090 522 2139 tu
535 2084 663 2151 stultique
674 2100 755 2152 prope
766 2101 863 2152 omncs,
918 2082 961 2152 [te

171 2150 200 2205 ei
213 2150 277 2219 quid
289 2149 430 2203 Stertinius
441 2150 496 2203 veri
507 2155 605 2217 crepet,
617 2150 687 2201 unde
698 2166 747 2217 ego
758 2150 826 2203 mim

171 2218 304 2288 Descripsi
316 2218 406 2271 docilis
418 2222 549 2299 precepto
560 2217 624 2283 haec,
636 2224 690 2270 tom
724 2234 753 2269 re
765 2233 871 2286 quomo

173 2288 276 2343 Solutus
283 2287 365 2357 jussit
376 2285 695 2356 eopsentemposcercbsr
832 2314 836 2322 ·

173 2358 260 2428 Atque
272 2375 288 2411 e
302 2355 420 2409 Fabricio
432 2372 485 2411 non
497 2356 600 2409 tristem
611 2360 692 2423 ponte
703 2354 806 2408 reverti

174 2427 243 2481 Nem
253 2425 323 2481 mele
334 2442 363 2481 re
419 2430 448 2479 to
460 2441 543 2491 quum
554 2424 650 2477 veliem
661 2423 767 2477 mittere
778 2426 868 2493 operto

176 2496 219 2550 Me
231 2495 317 2563 cupite
329 2494 358 2545 in
389 2509 477 2559 umen,
488 2494 581 2547 dexter
593 2493 676 2561 stetit,
688 2498 723 2561 et,
734 2494 820 2547 ‘Cere
831 2493 902 2547 faxis

176 2564 362 2634 Nequidquam
370 2561 510 2630 indignum
517 2581 524 2627 3
536 2561 963 2631 pudor,’inquit,‘temnlusengit,

175 2632 282 2684 Insanos
294 2631 340 2699 qui
352 2630 538 2685 interserente
548 2628 768 2683 insenushnbori.
927 2632 963 2681 40

175 2700 362 2753 Primumnum
371 2698 510 2768 inquiram,
518 2698 583 2767 quid
592 2698 627 2751 sit
636 2699 736 2751 furere:
748 2697 798 2750 hoc
806 2696 830 2751 si
838 2697 889 2751 erit
898 2696 927 2751 in
937 2703 963 2751 ce

174 2768 239 2836 Solo,
250 2768 289 2820 nil
302 2766 382 2834 verbi,
441 2785 484 2821 cos
497 2768 562 2837 quiu
574 2768 685 2833 fortiter,
697 2766 800 2819 eddam

175 2837 256 2903 Quem
267 2836 339 2891 mele
350 2784 466 2895 senisiiia
477 2844 505 2891 et
516 2852 700 2905 quemcunque
711 2833 818 2891 inscitie
829 2833 886 2890 veri
