2409 3317
220 377 254 425 es

542 367 694 424 HORATII

323 478 438 531 Fastidit
450 476 651 541 umbrosamque
662 474 757 541 ripum,

357 547 418 600 Non
429 545 557 614 Zephyris
569 544 672 611 agitate
684 542 789 609 Tempe.

287 615 487 669 Desidenntem
499 612 568 681 quod
580 612 644 663 setis
656 617 696 663 est
707 626 793 678 neque

288 683 493 737 Tumultuosum
505 681 630 734 sollicitet
641 696 721 744 mere,

322 754 349 807 N
349 770 379 806 ee
391 770 475 805 saevus
487 750 594 803 Arcturi
607 748 726 801 cedentis

358 822 400 874 lm
434 827 477 873 tus
489 825 537 873 eut
549 818 657 871 orientis
669 816 756 882 Haedi,

290 892 350 944 Non
361 839 504 944 verheretae
516 886 644 955 grnndine
656 886 739 939 rineae

290 960 450 1027 Fundusque
462 958 584 1023 mendax,
597 955 688 1007 urbere
696 970 767 1006 nunc
779 968 862 1019 equas

325 1028 462 1109 Culpante,
471 1042 543 1079 nnnc
555 1024 682 1077 terrentis
693 1040 770 1089 agros

360 1096 458 1163 Sidere,
470 1111 541 1146 nunc
553 1094 652 1145 hiemes
664 1092 775 1160 iniquus.

291 1167 431 1219 Contracta
461 1164 526 1215 isces
539 1179 560 1214 re
579 1178 644 1214 uore
655 1161 775 1213 sentiunt

291 1236 311 1289 J
311 1235 377 1288 actis
389 1234 418 1285 in
456 1239 516 1284 tum
527 1248 570 1282 mo
582 1230 654 1293 ‘bus;
671 1229 725 1281 huc
736 1228 860 1295 frequens

327 1304 460 1357 Oaemente
471 1300 589 1353 demittit
600 1298 750 1365 redemptor

362 1372 428 1425 Oum
439 1369 546 1423 famulis
558 1368 666 1421 dominu
697 1383 731 1418 ue
743 1371 820 1417 terrae

293 1441 470 1504 Fastidiosus;
488 1439 533 1493 sed
545 1438 634 1490 Timor
645 1442 672 1488 et
717 1435 723 1446 '

290 1511 428 1564 Scendunt
439 1509 537 1575 ecdem,
549 1523 602 1575 que
614 1504 743 1571 domimu,
755 1519 841 1570 neque

325 1579 438 1632 Decedit
450 1583 532 1631 aerete
543 1575 645 1628 triremi
657 1579 685 1626 et

362 1647 425 1699 Post
437 1648 552 1714 equitem
565 1644 638 1696 sedet
649 1648 709 1694 stre
721 1642 796 1693 Oura„

294 1716 369 1781 Quod
382 1716 403 1767 si
416 1714 548 1767 delentem
559 1728 609 1763 nce
621 1709 753 1776 Phrygius
764 1706 833 1774 lepis

292 1786 318 1836 N
318 1801 348 1838 ee
378 1798 537 1849 urpurerum
549 1779 633 1830 sidere
644 1776 739 1829 cleriei·

325 1801 433 1904 Deienit
444 1866 508 1901 usus
520 1864 569 1899 nec
581 1845 695 1897 Falerna

362 1920 431 1971 Vitis
443 1914 693 1981 Achaemeniumque
704 1917 816 1976 coetum,

253 2021 255 2025 .
292 1990 343 2042 θυι·
355 1983 503 2039 invidendis
515 1982 633 2051 postibus
644 1988 673 2034 et
684 1998 752 2033 ncvn

292 2056 409 2111 Sublime
420 2054 475 2106 ritu
486 2052 580 2105 melier
588 2049 710 2103 ntrimni

326 2126 378 2178 Our
390 2123 459 2177 velle
471 2126 619 2191 permutem
630 2118 729 2173 sabina

361 2192 476 2246 Divitias
487 2188 662 2259 operosioreei

344 2376 492 2431 GARMEN
511 2374 621 2428 11.-n›
634 2388 730 2427 runnu
742 2387 892 2424 nostruin.

292 2492 447 2543 Aneusrrss
460 2482 544 2539 emice
555 2484 710 2565 pauperiem
721 2482 780 2551 peti

294 2558 427 2612 Robustus
440 2554 494 2607 neri
505 2553 602 2605 mihtin
614 2570 681 2621 puer

285 2654 286 2658 =
327 2626 470 2680 condiscat
478 2628 504 2675 et
517 2621 629 2673 Parthos
640 2622 739 2673 feroces

362 2694 449 2747 Vexet
461 2707 539 2758 eques
550 2690 708 2741 metuendus
718 2688 804 2754 haste,

293 2764 434 2830 Vitnmque
446 2759 494 2812 sub
506 2759 567 2810 divo
579 2763 606 2809 et
615 2758 725 2826 trepidis
735 2762 801 2823 eget

293 2834 326 2885 In
337 2829 421 2884 rebus.
457 2828 539 2880 Illum
551 2844 584 2877 ex
596 2825 726 2877 moenibus
737 2824 847 2876 hosticis

327 2900 451 2954 Matrona
462 2895 586 2949 bellantis
598 2894 706 2961 tyranni
