2409 3317
219 385 271 440 190
541 374 695 429 HORAl'II

218 482 270 536 Sed
281 481 481 551 quadringentis
492 498 538 536 sex
595 490 651 537 tem
662 484 747 539 millia
757 483 866 537 desunt:

216 549 294 605 Plebs
305 553 364 605 eris.
401 556 437 606 At
448 552 524 643 pueri
534 552 564 606 lu
583 560 664 618 entes,
677 554 692 580 “
701 553 758 606 Rex
769 551 844 620 eris,'’
856 549 941 615 aiunt,

214 620 232 648 “
240 620 268 673 si
280 628 351 674 recte
362 622 466 674 iacies’
502 622 555 675 Hic
565 638 657 674 murus
669 624 767 675 cineus
779 629 834 675 esto
847 640 852 672 :
975 623 1009 669 60

216 691 263 744 Nil
275 690 390 743 conscire
402 690 458 757 sibi,
470 690 546 743 nulla
557 689 698 758 pallescere
709 688 795 759 culpa.

217 759 318 826 Roscia,
331 759 374 812 dic
386 758 466 825 sodes,
478 758 571 811 melior
581 758 633 825 lex,
646 774 681 809 an
693 774 834 825 pueromm
846 763 885 811 est

216 828 311 895 Nouia,
342 845 383 881 uae
395 846 506 895 regnum
517 833 589 880 recte
600 826 758 879 facientibus
770 825 853 893 offert,

217 896 253 950 Et
264 844 380 950 manitus
393 898 477 949 Curiis
489 905 517 949 et
529 896 670 948 decantata
683 895 817 949 Camillisl

218 965 279 1020 Isne
291 966 341 1019 tibi
352 966 446 1019 melius
458 965 559 1033 suadet,
573 964 619 1033 qni
629 980 687 1023 rem
698 964 788 1029 facias,
800 980 863 1030 rem,

217 1034 246 1087 Si
258 1035 347 1104 possis,
359 1041 438 1101 reete,
451 1034 472 1087 si
484 1050 545 1100 non,
559 1049 718 1102 quocunque
729 1032 806 1086 modo
817 1051 880 1100 rem,

217 1103 256 1156 Ut
270 1104 376 1173 propius
389 1109 489 1172 spectes
501 1102 638 1156 lacrimosa
649 1104 773 1171 podmnta
785 1102 863 1172 Pupi,

217 1171 262 1224 An
275 1173 322 1240 qui
335 1172 458 1225 Fortunae
470 1177 498 1224 te
509 1188 660 1240 responsare
673 1170 789 1241 superbae

218 1240 342 1294 liberum
353 1246 381 1293 et
393 1247 509 1293 erectmn
539 1256 635 1292 rnsens
646 1240 768 1294 hortatur
779 1246 807 1293 et
819 1238 926 1309 aptatl'

219 1309 295 1374 Quod
307 1309 331 1362 si
341 1326 385 1362 me
396 1326 430 1378 po
449 1307 510 1361 ulus
562 1325 657 1361 manus
669 1309 737 1363 torte
748 1316 829 1377 roget,
843 1326 890 1361 cur
978 1311 1014 1362 70

218 1378 287 1446 Non,
298 1384 331 1431 ut
344 1378 438 1447 portior
458 1396 494 1444 us,
507 1377 544 1431 sic
552 1376 661 1448 judiciis
672 1378 746 1431 fruar
758 1378 849 1444 isdem,

218 1447 245 1500 N
245 1464 274 1500 ec
287 1465 382 1516 sequar
392 1454 440 1501 aut
451 1447 561 1516 frigiam,
574 1462 633 1516 quae
645 1446 734 1515 diligit
746 1447 802 1515 ipse
814 1447 856 1499 vel
868 1446 930 1511 odit,

220 1513 290 1569 Olim
302 1517 372 1585 quod
384 1517 477 1585 vulpes
489 1522 587 1584 aegroto
598 1521 677 1569 cauta
688 1515 758 1569 leoni

220 1587 373 1658 Respondit,
384 1588 513 1641 referem:
531 1587 546 1615 “
557 1586 625 1651 Quia
632 1602 676 1639 me
687 1585 799 1653 vestigia
810 1590 916 1651 terrent,

220 1657 315 1710 Omnia
324 1664 355 1710 te
364 1656 504 1709 adversum
516 1654 669 1725 spectantia,
681 1654 756 1707 nulla
768 1653 931 1707 retrorsum.''

219 1724 313 1778 Bellua
324 1725 469 1777 multorum
481 1742 509 1776 es
525 1725 651 1794 capitum.
688 1724 758 1777 Nam
771 1723 837 1791 quid
849 1740 943 1791 sequar
960 1730 1012 1776 aut

219 1794 431 1910 Paiilissiinum
443 1856 524 1923 gestit
536 1855 680 1908 conducere
692 1853 804 1923 publica,
817 1860 879 1907 sunt
891 1855 937 1922 qui

220 1925 319 1977 Orustis
331 1932 358 1976 et
370 1925 453 1992 pomis
465 1924 559 1976 viduas
571 1930 701 1976 venentur
712 1941 804 1977 avaras

221 1992 415 2061 Excipiantque
427 2010 507 2059 senes,
520 2009 584 2061 quos
595 1993 625 2044 in
638 1993 738 2045 rivaria
749 1993 875 2055 mittant;

221 2060 316 2115 Multis
328 2061 431 2114 occulto
443 2062 537 2115 crescit
548 2079 589 2114 res
601 2062 706 2115 foenore.
743 2062 843 2113 Verum
978 2065 1015 2111 80

221 2129 285 2183 Esto
296 2130 356 2185 aliis
367 2131 432 2184 alios
442 2131 521 2184 rebus
533 2130 680 2199 studiisque
691 2130 790 2183 teneri:

222 2198 306 2251 iidem
318 2200 409 2252 eadem
456 2206 532 2254 ssunt
543 2200 635 2252 horam
646 2198 741 2251 drmare
752 2198 908 2267 probantesl

220 2266 237 2294 ‘⁴
244 2264 341 2318 Nullus
353 2268 381 2321 in
393 2285 423 2320 or
467 2266 539 2319 sinus
550 2263 624 2315 Baiis
636 2262 763 2331 proelucet
774 2265 907 2329 amoenis,”

221 2326 249 2378 Si
263 2327 333 2380 dixit
344 2328 424 2394 dives,
437 2330 510 2382 locus
522 2337 549 2382 et
560 2347 633 2383 mare
645 2331 726 2384 sentit
738 2348 852 2385 amorem

222 2394 384 2448 Festinantis
395 2397 467 2459 heri;
485 2398 529 2449 cui
541 2399 563 2450 si
574 2399 670 2452 vitiosa
681 2400 763 2453 libido

223 2463 326 2516 Fecesit
337 2465 496 2532 auspicium:
514 2483 571 2518 cres
582 2467 742 2521 seminante
753 2468 871 2522 Teanum

223 2531 337 2597 Toliatis,
349 2531 425 2585 fabri.
461 2534 556 2586 lectus
568 2534 679 2601 genialis
690 2538 719 2588 in
731 2537 794 2591 nula
805 2545 858 2591 est:

221 2599 268 2651 Nil
279 2601 318 2653 ait
329 2618 385 2653 esse
397 2601 476 2669 prius,
488 2602 582 2655 melissa
593 2603 634 2655 nil
645 2605 737 2657 coelibe
748 2607 820 2670 vita3

221 2668 250 2720 Si
261 2685 315 2722 non
326 2677 374 2736 est,
382 2672 457 2739 jurat
468 2670 534 2722 bene
546 2671 607 2723 solis
619 2688 673 2725 esse
684 2674 794 2728 maritis.

222 2736 279 2800 Quo
291 2746 396 2792 teneam
407 2738 498 2791 vultus
510 2744 659 2793 mutantem
671 2742 766 2795 Protea
778 2743 863 2797 nodoi
980 2752 1017 2800 90

223 2805 294 2868 Quid
306 2807 421 2876 pauperi
441 2808 520 2860 Ride:
538 2814 627 2861 mutat
639 2810 780 2877 coenacula,
793 2812 881 2881 lectos,

231 2872 329 2941 tames,
341 2882 464 2943 tonsores,
476 2876 606 2929 conducto
617 2879 723 2946 navigio
735 2895 808 2949 saque

243 2941 341 2997 ‘auseat
353 2961 383 2997 ac
395 2944 517 3012 locuples,
529 2962 608 3014 quem
620 2946 695 2999 ducit
706 2947 782 3015 priva
793 2949 913 3006 triremis.
