2409 3317
185 318 236 369 120
508 309 664 365 Hortum

273 514 421 601 OARMEN
439 514 585 570 KVb-ru
599 531 731 569 rorunuu
744 532 894 569 nonsrusr.

185 627 302 681 Arruns
311 627 369 695 jam
380 626 476 679 teritur
487 626 564 680 bellis
576 626 698 679 civilibus
713 632 785 693 aetas,
856 650 860 657 ·

223 695 283 749 Suis
296 696 393 764 etipsa
405 696 488 748 Roma
500 696 599 749 viribus
611 696 674 762 ruit,

187 765 273 828 Quam
284 781 369 833 neque
380 764 489 817 finitimi
500 764 643 817 valuerunt
654 764 762 833 perdere
774 763 864 829 Marsi,

223 834 336 886 Minaeis
348 840 397 887 aut
407 834 520 886 Etrusca
531 834 651 886 Porsenae
663 850 765 901 manus,

186 902 296 956 AEmuia
307 920 356 956 neo
367 903 452 956 virtus
465 903 485 955 O
521 919 562 955 uae
573 918 623 954 neo
635 903 777 971 Spartacus
788 918 849 955 aoer

221 972 354 1041 Novisque
366 972 443 1025 rebus
455 972 502 1024 infi
522 972 569 1024 elis
582 972 716 1038 Allobrox,

187 1041 242 1094 Neo
254 1041 311 1094 fera
322 1040 434 1094 cerulea
445 1041 548 1093 domuit
561 1041 702 1093 Germania
732 1039 783 1095 ube

222 1109 432 1178 Parentibusque
444 1108 610 1162 abominatus
622 1110 714 1161 Hanni

188 1179 280 1299 Imhpia·
286 1179 425 1247 perdemus
437 1179 525 1232 devoti
537 1179 675 1246 sanguinis
686 1185 757 1246 atas,

188 1247 849 1370 Batfflttttttbttittttmn
949 1251 981 1297 ¹⁰

222 1386 310 1455 Eques
323 1392 431 1439 sonante
443 1385 591 1439 verberabit
604 1387 712 1454 ungula,

188 1456 306 1525 Quaque
318 1461 409 1509 carent
421 1455 506 1509 ventis
519 1460 546 1507 et
559 1455 657 1507 solibus
668 1472 725 1508 ossa
738 1454 849 1521 Quirini,

223 1525 304 1577 Nefas
316 1524 419 1579 videre!
439 1524 577 1593 dissipabit
588 1524 710 1577 insolens.

188 1594 267 1646 Forte
279 1594 343 1674 quid
355 1593 479 1663 expediat
491 1593 666 1646 communiter
678 1598 726 1647 aut
736 1592 829 1645 melior
841 1609 902 1660 pars

223 1662 303 1715 Mahs
315 1668 402 1714 cartre
414 1662 533 1729 quaeritis
545 1660 692 1715 laboribus:

189 1731 271 1783 Nulla
283 1731 318 1782 sit
329 1731 379 1783 bae
391 1731 477 1799 potior
489 1731 628 1795 sententia,
640 1730 811 1784 Phocaeorum

224 1800 306 1852 Velut
318 1798 436 1867 profugit
448 1804 583 1851 exsecrata
595 1798 689 1851 civitas

190 1870 274 1936 Agros
286 1873 366 1935 atque
378 1868 456 1919 Lares
468 1866 567 1935 patrios
579 1866 776 1937 habitandaque
787 1869 851 1921 fana

224 1937 303 2006 Apris
315 1936 422 2005 reliquit
435 1943 462 1988 et
474 1936 612 2003 rapaoibus
624 1936 702 2005 lupis,
949 1940 984 1989 20

190 2007 233 2059 Ire
279 2006 324 2057 des
336 2022 493 2074 quocunque
505 2006 598 2073 ferent,
612 2022 768 2076 quoeunque
779 2024 827 2075 per
838 2006 923 2059 undas

251 2082 310 2128 otus
322 2074 426 2127 vocabit
439 2080 487 2127 aut
499 2081 636 2143 protervus
648 2075 762 2128 Africus.

191 2144 233 2197 Sic
246 2144 349 2214 placet?
367 2161 402 2197 an
414 2144 508 2197 melius
522 2144 580 2213 quis
592 2143 672 2197 habet
685 2143 811 2198 suaderet
846 2143 967 2197 Secunda

226 2214 321 2267 itatem
333 2231 460 2282 occupare
473 2212 537 2281 quid
549 2231 683 2265 moramur
694 2213 775 2266 alitei

191 2283 242 2335 Sed
250 2285 370 2351 juremus
382 2284 411 2334 in
422 2282 493 2335 haee:
512 2282 590 2335 simul
602 2283 662 2334 imis
674 2300 739 2335 saxa
750 2281 868 2334 renarint

226 2351 308 2405 Vadis
320 2352 415 2417 levata,
427 2369 461 2403 ne
472 2351 557 2404 redire
570 2351 605 2403 sit
616 2351 706 2414 nefas;

191 2422 251 2474 Neu
262 2438 387 2472 conversa
396 2420 505 2472 domum
517 2419 608 2487 pigeat
620 2420 681 2473 dare
693 2420 784 2486 lintea,
797 2418 902 2488 quando

226 2488 315 2541 Padus
327 2487 431 2540 Matina
443 2488 537 2539 laverit
549 2488 694 2555 cacumina,

192 2558 224 2609 In
237 2573 310 2609 mare
322 2572 368 2607 seu
381 2555 465 2608 celsus
476 2556 635 2623 procurrerit
646 2556 670 2607 A
704 2555 811 2623 nninus‚

227 2625 353 2691 Novoque
365 2629 482 2674 monstra
490 2623 612 2689 junxerit
623 2624 671 2676 libi
690 2626 733 2676 ine
951 2628 985 2675 30

192 2694 281 2745 Mirus
293 2708 372 2757 amor,
381 2692 459 2758 juvet
470 2696 502 2741 ut
514 2690 536 2741 ti
569 2708 595 2743 es
608 2691 739 2745 subsidere
751 2694 842 2759 cervis,

229 2760 400 2813 Adulteretur
412 2763 439 2810 et
451 2758 536 2810 colum
555 2776 571 2810 a
583 2760 673 2826 miluo,

194 2829 306 2882 Credula
317 2845 365 2881 neo
376 2843 452 2879 ravos
460 2826 573 2879 timeant
585 2832 706 2879 armenta
716 2823 812 2895 leones,
