2409 3317
244 356 298 407 230
570 361 725 417 nostru

242 453 376 507 Ridentur
387 454 458 507 mule
469 454 515 522 qui
527 459 690 523 componunt
701 454 834 518 csrmius5
852 472 943 507 verum

243 521 366 576 Gaudent
377 522 520 575 scribentes
532 530 559 575 et
571 540 598 576 se
611 528 771 577 venerentur
783 528 809 575 et
823 521 900 591 ultro,

242 590 271 643 Si
282 596 379 657 tscees,
388 591 500 645 lsudnnt
512 592 642 660 quidquid
654 592 779 662 scripsere
790 590 868 647 beuti.

176 677 179 681 ·
242 659 279 713 At
291 660 338 730 qui
348 659 498 729 legitimum
510 661 600 729 cupiet
612 661 703 714 fecisse
715 663 816 729 poema,

243 728 309 781 (lum
321 727 419 782 tubulis
430 729 549 783 animum
561 730 673 783 censoris
686 735 772 782 sumet
783 729 902 794 honesti;
980 735 1032 784 110

242 796 366 866 Audebit,
379 814 543 867 quoscunque
554 816 649 868 perum
661 798 805 867 splendoris
817 798 952 853 habebunt

243 866 279 919 Et
290 866 346 920 sine
357 866 471 936 pondere
483 874 562 921 erunt
573 874 601 921 et
612 868 710 921 honore
721 867 832 935 indigns
843 869 969 937 ferentur,

244 934 330 988 Verba
341 952 445 989 movere
455 935 520 1004 loco,
532 936 652 1018 quemvis
663 936 750 990 invite
760 937 884 991 recedunt

243 1004 279 1057 iit
291 1010 428 1057 versentur
437 1005 526 1059 sdhuc
537 1013 609 1059 mtru
620 1005 766 1075 penetralis
779 1005 873 1061 Veste.

244 1073 390 1127 Obscursts
401 1074 449 1128 diu
459 1074 557 1144 populo
568 1073 652 1127 bonus
664 1080 738 1128 eruet
749 1080 830 1144 etque

243 1140 361 1195 Proferet
372 1143 401 1194 in
413 1141 501 1197 lucem
512 1144 627 1213 speciose
639 1143 766 1197 vocabule
777 1161 871 1211 rerum,

244 1210 309 1275 Qun
320 1211 412 1281 priscis
423 1219 567 1265 memoratu
579 1212 723 1267 Catonibus
734 1218 814 1281 etque
825 1213 948 1281 Cethegis

242 1279 322 1333 Nunc
334 1281 403 1334 citus
414 1281 535 1335 informis
547 1282 644 1351 premit
655 1289 683 1336 et
695 1281 798 1335 deserte
810 1287 941 1347 vetustes5

242 1349 379 1403 Adsciscet
390 1367 465 1418 nove,
477 1368 536 1419 quae
547 1351 652 1419 genitor
663 1351 817 1421 produxerit
829 1369 898 1405 usus.

244 1418 391 1473 Vehemens
402 1425 430 1473 et
440 1419 558 1487 liquidus
569 1437 687 1541 puroqqse
699 1420 847 1473 simillimus
858 1421 930 1473 amni
979 1425 1030 1475 120

243 1486 349 1541 Fundet
360 1505 422 1558 opes
433 1488 591 1558 latiumque
603 1488 653 1543 bes
669 1490 692 1543 it
704 1489 788 1543 divite
799 1488 906 1557 lingum

242 1556 420 1611 Luxurientiu
431 1564 585 1628 compescet,
596 1558 676 1612 nimis
688 1576 780 1628 sspers
792 1576 855 1613 seno

243 1625 354 1679 Ierebit
366 1628 448 1694 cultu,
460 1628 560 1682 virtute
572 1628 689 1681 cerentie
700 1628 784 1696 tollet,

243 1693 371 1749 Ludentis
383 1696 496 1766 speciem
508 1696 583 1751 dsbit
595 1702 623 1750 et
635 1697 807 1765 torquebitur,
819 1703 850 1751 ut
862 1697 907 1765 qui

243 1763 321 1817 Nunc
334 1763 465 1833 Satyrum,
478 1782 549 1818 nunc
561 1772 692 1833 agrestem
704 1765 817 1835 Cyclope
828 1774 993 1821 movetur.-

242 1831 409 1885 Praetulerim
420 1834 531 1901 scriptor
543 1835 641 1887 delirus
652 1835 774 1956 inersque
785 1835 876 1901 rideri,

243 1900 314 1954 Dum
325 1918 385 1954 mes
393 1901 525 1955 delectent
535 1903 607 1955 mels
618 1920 661 1957 me
673 1903 715 1957 vel
745 1905 840 1974 enique
851 1904 955 1971 ullane

244 1969 329 2034 Qum
341 1987 431 2040 supere
442 1976 469 2024 et
480 1971 558 2039 ringi
593 1971 658 2026 Fuit
670 1972 743 2026 houd
754 1974 764 2027 i
802 1973 878 2027 obilis
890 1974 976 2043 Argis,

244 2040 295 2104 Qui
307 2057 334 2093 se
345 2039 468 2094 credebat
478 2041 558 2093 miros
569 2041 662 2095 audire
673 1991 812 2111 trsgoedgob,

244 2109 277 2162 ln
288 2126 370 2162 vscuo
381 2108 458 2163 letus
470 2126 552 2164 sessor
563 2111 721 2181 plausorque
732 2112 852 2177 thecum
978 2117 1029 2167 130

243 2177 335 2231 Oeters
346 2179 393 2247 qui
404 2178 467 2231 vitae
479 2185 594 2233 serveret
606 2180 699 2233 munis
709 2187 781 2234 recto

243 2246 324 2315 More,
336 2247 419 2301 bonus
431 2264 493 2300 sune
506 2248 615 2316 ricinus,
627 2248 747 2303 amabilis
759 2250 860 2318 hospes,

242 2315 328 2369 comis
340 2316 369 2369 in
381 2333 496 2384 uxorem,
507 2324 594 2386 posset
607 2318 653 2386 qui
665 2318 798 2387 ignoscere
809 2319 890 2373 servis

242 2383 278 2436 llt
290 2384 365 2451 signo
377 2384 437 2437 loeso
449 2401 503 2437 non
514 2386 629 2439 insanire
641 2387 756 2456 legense5

242 2450 333 2505 Posset
344 2452 390 2521 qui
400 2469 494 2521 rupem
505 2460 533 2507 et
544 2460 655 2525 puteum
667 2458 751 2511 vitute
762 2461 905 2525 petentem.

241 2520 296 2575 Hic
307 2520 355 2574 ubi
365 2527 537 2589 cognatorum
548 2523 640 2591 opibus
653 2525 773 2595 curisque
784 2525 899 2579 refectus

240 2588 354 2660 Expulit
365 2590 497 2643 helleboro
509 2594 630 2644 morbum
641 2592 772 2661 bilemque
784 2610 894 2662 meraco,

240 2660 277 2712 Ilt
287 2660 356 2712 redit
367 2660 402 2713 sd
414 2677 477 2727 sese,
489 2657 615 2711 “Polme
628 2658 767 2725 occidistis,
779 2657 865 2722 amici,

240 2727 301 2780 Non
313 2727 459 2796 servastis‚''
472 2728 518 2793 eit,
532 2727 547 2754 “
556 2728 600 2780 cui
614 2726 650 2779 sic
662 2732 767 2779 extorta
778 2726 901 2794 voluptas

241 2796 277 2849 Ilt
289 2796 410 2865 demptus
422 2797 535 2865 pervim
543 2794 640 2847 mentis
651 2794 816 2861 gratissimus
829 2792 922 2847 error.”
982 2792 1032 2841 140

244 2866 377 2918 xliminum
390 2882 479 2934 sapere
487 2869 527 2917 est
535 2862 645 2931 objectis
657 2864 722 2915 utile
733 2863 813 2930 nugis
