2409 3317
432 354 686 411 EPISTOLARUM
706 356 744 411 ll.
765 362 787 413 1.
951 361 1000 413 221

209 457 323 513 Ploutur
334 454 369 511 o'd
381 458 516 529 exemplar
528 458 611 513 Siculi
641 475 761 529 roperure
773 458 932 530 llpiohurmi,

209 526 321 581 Vincere
334 527 452 582 Cuciliur
463 528 602 597 mritete
615 476 751 583 forentius
763 534 830 589 orte.

210 596 267 650 Hor
279 596 372 650 ediscit
384 602 411 651 et
423 596 585 652 hoeurtoeti
605 602 650 651 ote
662 596 765 653 theatro
968 602 1002 652 60

210 664 318 738 Spectet
331 665 414 719 Romo
424 671 518 736 potone
525 685 533 732 ;
550 666 586 719 hu
619 671 631 719 t
642 666 689 721 hoe
700 670 873 737 numeratque
885 668 977 739 poetae

210 734 254 787 Ad
265 740 385 788 noetrum
396 739 501 805 tempus
513 735 574 789 hivi
586 735 721 805 scriptorio
733 736 767 789 ub
782 752 846 793 aevo.

210 802 350 858 Interdum
361 803 457 873 vulgus
468 810 571 858 rectum
582 804 663 873 ridet,
676 810 716 859 cet
727 804 774 859 ubi
786 813 886 875 peccet

209 870 240 925 si
250 878 351 926 reteree
363 872 402 926 ito
413 873 526 926 miretur
537 872 682 942 laudatque
693 875 793 944 poetes,

210 940 249 995 Ut
259 940 328 994 nihil
339 942 478 1010 onteferot,
490 940 559 994 nihil
570 941 624 995 illie
636 948 784 1012 comperet;
802 949 886 998 errat:

209 1008 238 1063 Si
251 1010 371 1079 quaedum
382 1010 461 1063 nimir
472 1010 590 1079 entique,
602 1010 625 1063 ei
637 1010 761 1080 pleraque
773 1011 837 1066 dure

208 1077 303 1132 Dicere
315 1078 399 1132 credit
410 1095 461 1147 eoo,
473 1078 569 1148 ignore
580 1079 667 1133 multo
678 1080 785 1148 fatetur,

209 1146 247 1201 Ilt
258 1148 328 1218 eupit
340 1152 367 1201 et
378 1165 482 1201 mecum
493 1148 559 1202 fucit
571 1153 598 1202 et
611 1148 679 1203 Jove
686 1148 792 1219 judicet
803 1166 825 1203 ω
843 1167 885 1205 uo.

208 1214 270 1270 Non
281 1217 403 1286 equidem
414 1217 528 1271 insector
538 1217 702 1288 delendaque
713 1219 830 1274 carmine
865 1220 902 1274 ‘vi

209 1284 274 1339 llere
284 1302 348 1353 reor,
360 1285 470 1340 memini
481 1304 540 1355 quoe
552 1286 690 1357 plagosum
701 1287 768 1341 mihi
780 1305 861 1358 purvo
967 1290 1000 1345 70

210 1353 340 1408 Orbilium
352 1354 466 1420 dicture3
484 1355 529 1408 eod
541 1355 681 1409 emendate
693 1356 777 1409 videri

209 1421 377 1492 Pulchroque
388 1429 416 1476 et
428 1424 528 1477 exectis
539 1423 680 1478 minimum
692 1422 820 1477 dietumm
831 1425 925 1492 miror3

210 1491 284 1546 luter
296 1507 355 1560 quae
367 1492 477 1545 verbum
488 1491 596 1545 emicuit
609 1492 631 1545 ei
643 1496 711 1547 torte
723 1491 852 1562 decorum,
865 1502 892 1549 et

209 1559 239 1615 si
250 1578 340 1614 rereue
351 1560 441 1630 peullo
453 1559 605 1613 concinnior
616 1577 686 1613 uuue
698 1565 725 1617 et
737 1560 811 1629 ulter,

210 1630 312 1700 lnjuete
324 1635 410 1684 totum
422 1629 496 1683 ducit
508 1629 766 1711 venditquepoiimu

210 1699 338 1769 Indignor
350 1698 493 1821 quidfluum
504 1698 668 1768 reprehendi,
680 1715 733 1753 nou
747 1698 809 1768 quie
821 1716 905 1753 oreeee

211 1768 390 1838 Compositum
433 1768 541 1851 epideve
552 1774 670 1839 putetur,
683 1768 729 1822 red
740 1768 804 1838 quie
815 1786 915 1840 nuper;

209 1836 236 1890 N
236 1854 265 1892 oc
278 1839 381 1891 venium
393 1838 517 1909 antiquus,
530 1838 576 1892 ced
586 1838 711 1893 honorem
723 1844 751 1892 et
763 1838 872 1909 proemio
883 1840 962 1908 porci.

210 1905 292 1961 Recte
303 1924 385 1961 necne
397 1925 503 1962 crocum
514 1908 642 1977 floresque
653 1908 819 1979 perambulet
830 1906 902 1963 Attae

209 1974 311 2030 Fabula
323 1977 346 2029 ei
357 1976 484 2046 dubitem,
497 1976 613 2031 clement
624 1978 731 2047 periisse
743 1977 869 2046 pudorem
966 1982 1000 2032 80

210 2044 306 2099 (iuncti
317 2061 392 2114 perne
438 2052 498 2112 lm,
510 2061 636 2114 coquum
647 2046 836 2115 reprehendere
849 2062 933 2115 coner,

211 2113 275 2178 Quee
287 2114 375 2182 grou-ir
422 2130 507 2182 oopus,
519 2129 577 2181 quae
589 2112 683 2166 doctue
695 2113 805 2167 Roscius
817 2114 886 2181 egit:

210 2181 260 2234 Vel
272 2182 336 2251 quio
346 2180 386 2234 nil
397 2188 507 2249 rectum,
519 2181 571 2234 niei
582 2181 653 2250 quod
664 2180 766 2251 plocuit
778 2181 835 2248 eibi,
848 2182 956 2251 ducunt,

210 2248 260 2303 Vel
271 2252 334 2319 quie
435 2254 533 2319 putent
544 2266 635 2319 perere
646 2249 790 2303 minoribus
802 2256 830 2303 et
841 2266 900 2319 quae

211 2318 343 2372 Imberbee
355 2318 383 2372 di
403 2319 476 2387 'core
488 2334 561 2373 eeuee
573 2318 707 2388 perdendo
718 2318 802 2371 futeri

139 2390 143 2399 '
210 2387 274 2442 Jom
287 2388 387 2443 Suliure
397 2388 492 2441 Numoe
504 2404 609 2441 ourmen
622 2386 668 2457 qui
679 2386 772 2441 luudut
784 2392 811 2440 et
822 2386 899 2457 illud,

211 2456 287 2522 Quod
298 2474 402 2512 mecum
416 2458 422 2471 ”
461 2462 526 2526 orot,
538 2455 608 2510 eolus
620 2455 680 2510 vult
692 2455 757 2509 scire
769 2456 860 2525 rideri,

211 2525 330 2594 Ingeniir
341 2543 394 2580 nou
406 2474 536 2581 dfferor
547 2525 705 2596 plauditque
718 2526 835 2649 sepultis,
892 2594 898 2608 .

210 2593 308 2650 Noetu-u
320 2595 364 2648 eod
376 2595 413 2648 im
432 2601 524 2665 ugnut,
536 2612 583 2649 noe
594 2601 736 2664 nostroque
760 2595 843 2650 'vidue
856 2595 920 2651 odit.

212 2663 286 2730 Quod
298 2663 388 2717 eitum
422 2664 611 2719 roeoirnoritor
622 2665 708 2720 invise
719 2664 813 2719 fuheet
969 2670 1003 2719 90

212 2733 298 2798 Quum
309 2732 392 2801 nobie,
400 2733 465 2802 quid
476 2750 547 2787 nunc
560 2740 628 2788 erret
640 2733 733 2788 vetus?
752 2742 799 2787 eut
811 2732 875 2803 quid
887 2732 1002 2803 heberet,

212 2802 287 2867 Quod
299 2802 398 2872 legeret
410 2808 559 2871 tereretque
570 2803 671 2857 viritim
683 2801 806 2873 publicus
818 2802 897 2859 ueuei

212 2871 250 2927 Ut
261 2872 377 2943 primum
388 2870 481 2943 peritis
493 2871 589 2943 nugari
601 2872 702 2927 Greeciu
713 2870 790 2926 bellir
