2409 3317
427 458 625 515 CARMINUM
643 456 698 514 111.
716 459 793 514 7-9.

292 567 395 620 Occidit
406 567 473 620 Deci
484 566 612 621 Cotisonis
624 582 727 634 segmen,

291 635 386 690 Medus
397 636 508 689 infestus
521 636 571 688 sibi
582 634 707 688 luctuosis

395 704 511 757 Dissidet
522 704 610 771 ermis,

291 773 377 827 servit
390 774 517 843 Hispsnte
529 779 605 829 vetus
617 772 700 825 hostis
711 788 762 825 orss

291 842 421 896 Ountsber
432 858 489 895 sere
500 842 615 896 domitus
627 845 728 908 esunt,

290 911 310 964 J
311 928 355 964 sm
367 911 471 1033 Βοὸῑῑιω
482 910 544 963 laxo
555 909 718 964 meditentur
729 925 791 962 stou

416 979 491 1033 edere
503 980 610 1049 esmpis.

290 1049 316 1101 N
317 1050 446 1117 eglegsns
458 1064 492 1101 ne
505 1064 558 1116 qus
569 1047 683 1129 populus
694 1044 801 1112 laboret,

291 1118 373 1171 Perse
385 1117 503 1186 privetus
514 1116 628 1169 nimium
640 1131 746 1179 essem

291 1185 367 1239 Dens
378 1186 515 1255 praesentis
526 1202 591 1255 esps
603 1184 682 1238 lsstus
694 1184 764 1238 horte
777 1189 805 1236 et

396 1255 498 1323 Linque
510 1269 607 1307 severs.

338 1408 486 1463 GARMEN
505 1408 703 1465 lii-essuri
715 1424 876 1463 isumus.

269 1518 337 1571 Her.
355 1518 452 1571 Dosse
464 1524 555 1586 grstus
567 1536 639 1571 erum
651 1518 702 1571 tibi

391 1585 446 1639 Nee
458 1586 596 1655 quisquam
608 1587 695 1655 potior
705 1585 813 1640 brsehis
824 1588 944 1641 candidus

356 1654 456 1708 Cerviei
464 1655 570 1724 juvenis
583 1654 671 1723 dubet,

391 1723 529 1777 Persarum
541 1722 616 1792 vigui
626 1741 687 1791 rege
699 1722 806 1777 beatior.

268 1791 336 1861 Lyd.
354 1792 444 1845 Donec
455 1809 509 1845 uon
520 1792 574 1846 slis
584 1793 670 1861 msgis

390 1862 484 1916 Arsisti
496 1878 580 1931 neque
592 1868 650 1916 erat
662 1860 747 1930 Lydis
757 1868 817 1931 post
829 1864 937 1929 Chloen,

354 1929 436 1984 Multi
448 1930 532 2000 Lydis
543 1930 657 1984 nominis

391 1998 509 2054 Romsns
519 2000 593 2069 vigui
605 1998 699 2054 elsrior
710 1999 769 2054 llis

269 2068 337 2121 Hor.
357 2066 402 2119 Me
412 2084 484 2121 nune
495 2068 606 2122 Thressa
617 2068 698 2122 chloe
709 2069 786 2149 regit,

390 2135 486 2189 Dulees
501 2136 578 2190 doots
588 2136 679 2189 medos
691 2143 718 2190 et
729 2137 838 2190 citharis
850 2137 941 2201 sciens,
973 2138 1008 2190 10'

360 2204 410 2256 Pro
422 2220 475 2271 qus
486 2220 539 2257 nou
549 2210 667 2258 metusm
678 2205 752 2270 mori,

390 2271 418 2324 Si
430 2277 537 2340 psreent
549 2274 644 2325 enimes
656 2274 713 2326 fetu
724 2272 865 2341 superstiti.

213 2376 216 2381 -
269 2341 334 2411 Lyd.
354 2340 401 2392 Me
413 2345 494 2393 torret
505 2339 563 2393 fuse
573 2349 668 2395 mutus

390 2408 504 2461 iirurini
516 2408 601 2463 Ouls'r's
613 2410 683 2463 filius
695 2409 799 2478 Ornyti,

355 2478 406 2531 Pro
419 2495 471 2549 quo
483 2478 522 2532 bis
533 2479 620 2546 pstisr
631 2478 705 2546 mori,

209 2587 216 2601 .
390 2547 418 2601 si
430 2554 538 2617 psreent
549 2564 629 2616 puero
640 2548 699 2602 ists
709 2548 852 2617 superstiti.

269 2618 333 2670 Hor.
353 2616 432 2683 Quid,
445 2616 467 2670 si
478 2616 562 2687 prisce
573 2617 642 2672 redit
654 2617 745 2671 Venus

391 2686 569 2755 Diduotosque
576 2688 644 2754 jugo
655 2686 727 2753 cogit
738 2687 820 2740 sines
831 2686 842 2739 t

356 2754 384 2807 Si
395 2756 465 2810 flsvu
477 2754 610 2809 excutitur
622 2754 710 2821 culos,

394 2824 557 2894 Rejeeteque
569 2830 643 2891 putet
651 2826 736 2892 janus
747 2822 859 2891 Lydis?
972 2828 1006 2875 20

268 2892 336 2963 Lyd.
355 2894 520 2961 Quamquam
532 2892 616 2945 sidere
628 2891 762 2961 pulchrior

392 2960 443 3013 ills
454 2966 500 3028 est,
511 2967 543 3015 tu
554 2960 636 3015 levior
647 2960 743 3014 sortite
755 2965 783 3011 et
794 2961 911 3029 improbo
