2409 3317
215 363 266 418 174
536 362 695 420 HORATII

214 461 307 517 Pressc
318 461 476 516 Veneircnae
488 460 558 531 quod
568 460 650 514 bucce
659 459 761 514 remisit
772 458 855 515 olivio.

214 527 318 585 Picenis
330 531 429 584 cedunt
440 531 523 599 pomis
535 528 656 583 Tiburtia
667 546 760 594 succ05
976 532 1013 585 70

213 599 284 653 Num
294 600 362 652 fecie
392 604 508 651 restent.
544 597 683 652 Venucula
694 598 817 656 convenit
828 598 896 666 ollis,

215 668 324 721 Rectius
336 616 467 721 Alienum
478 668 551 719 sunno
563 666 700 720 duraveris
710 684 797 722 uvam.

215 736 294 789 Hunc
307 753 354 805 ego
366 752 426 789 cum
438 736 522 803 malis,
534 752 582 803 ege
593 736 686 789 ficem
697 736 800 805 primus
811 742 840 791 et
851 735 926 803 allec,

215 804 318 857 Primus
330 810 358 858 et
369 805 488 858 invenior
499 805 574 874 piper
585 804 676 859 elbum
687 822 749 858 cum
760 805 814 859 sede
826 806 902 874 nigro

215 874 350 927 incretum
361 874 434 943 puris
446 874 661 943 circumposuisse
672 874 776 928 catillis.

216 942 334 996 Immune
346 950 386 997 est
397 944 493 996 vitium
504 943 567 995 dure
578 942 664 995 millis
674 950 752 997 terne
762 943 872 998 mucello

215 1011 387 1081 Angustoque
398 1029 478 1080 vegos
490 1012 574 1081 pisces
586 1028 679 1079 urgere
690 1013 785 1067 cetino.

139 1120 142 1125 .
215 1079 315 1148 Magna
326 1088 413 1134 movet
425 1082 558 1135 stomacho
569 1080 685 1148 fastidis,
697 1098 744 1135 seu
755 1099 821 1150 puer
832 1082 920 1136 unctis

215 1148 350 1203 Trectcvit
362 1149 471 1202 celicem
481 1149 611 1216 munibus,
622 1149 686 1203 dum
696 1151 792 1204 furtu¹¹
802 1151 910 1220 ligurit3

215 1216 276 1271 Sive
287 1218 375 1287 gravis
387 1218 469 1271 veteri
481 1224 589 1271 meteres
601 1218 682 1271 limus
693 1219 812 1273 ndhsesit
973 1226 1010 1275 80

216 1286 318 1340 Vilibus
330 1288 359 1340 in
371 1287 463 1357 scopis,
474 1286 503 1339 in
515 1288 626 1357 mappis,
637 1288 667 1340 in
678 1287 754 1342 scobe
765 1294 883 1358 qusntus

216 1355 341 1410 Consistit
353 1355 492 1425 sumptusl
527 1356 552 1409 N
553 1356 670 1425 egleetis,
681 1357 814 1425 flagitium
825 1359 928 1427 ingens.

216 1424 278 1478 Ten’
290 1426 391 1507 lapides
402 1425 486 1479 varim
497 1424 632 1479 lutulente
642 1426 734 1479 rudere
745 1427 841 1495 pulmo,

215 1493 251 1546 Ilt
263 1494 354 1563 Tyrus
365 1495 428 1548 dure
440 1495 538 1547 circum
550 1494 626 1548 illote
636 1494 731 1549 torulis
742 1501 834 1564 vestes,

216 1562 341 1631 Oblitum,
354 1569 453 1631 quanto
465 1580 554 1617 curum
566 1570 753 1633 sumptumque
764 1566 893 1618 minorem

216 1630 281 1684 Haec
293 1632 415 1699 habeant,
428 1638 503 1686 tento
514 1632 669 1701 reprehendi
678 1634 777 1701 justius
788 1634 850 1702 illis,

217 1700 280 1763 Quae
292 1700 344 1752 nisi
357 1699 483 1753 divitibus
495 1708 628 1779 nequeant
639 1701 790 1770 contingere
801 1704 898 1757 mensis
905 1698 934 1757 l’'

218 1767 323 1819 “Docte
333 1766 399 1833 Ceti,
411 1781 458 1833 per
469 1764 614 1819 emicrticm
625 1768 759 1838 Divosque
770 1777 883 1839 rogetus

217 1830 318 1884 Ducere
330 1848 372 1883 me
384 1830 515 1897 nuditum,
526 1848 619 1912 perges
629 1848 792 1903 quocunque,
804 1842 942 1887 memento.

216 1898 286 1952 Nem
298 1900 416 1969 quumvis
428 1916 536 1953 memorr
547 1901 644 1955 referes
655 1901 722 1954 mihi
735 1908 838 1971 pectore
851 1911 954 1970 cuncte,
972 1907 1009 1956 90

216 1966 243 2019 N
243 1985 277 2019 on
289 1973 378 2021 tamen
389 1968 517 2037 interpres
529 1970 688 2024 tantundem
695 1972 803 2039 juveris.
839 1971 915 2026 Adde

217 2036 329 2157 1ζιιΙτιιῐιι
341 2036 512 2107 habitumque
524 2038 644 2106 hominis,
657 2056 736 2107 quem
748 2046 779 2093 tu
791 2041 886 2095 vidisse
897 2041 992 2095 beatus

244 2123 277 2158 on
288 2124 332 2159 me

217 2174 244 2227 N
244 2192 277 2227 on
289 2107 903 2244 medidcrpiesnidlrlddffidist‘dosnddfflstslirdtrffmhlotdsm

217 2242 304 2313 Atque
315 2244 421 2299 humine
433 2264 527 2316 queem
539 2246 602 2301 vite
614 2252 746 2316 praeeeple
757 2245 866 2303 beetoe.''

523 2428 652 2483 SATIRA
671 2430 702 2484 V.

221 2525 305 2579 “Hoc
317 2545 427 2598 quoque,
439 2528 545 2593 Tiresia,
557 2534 653 2597 praeter
664 2533 772 2584 narrate
782 2530 886 2600 petenti

221 2593 364 2676 Responde,
376 2598 471 2665 quibus
483 2598 590 2649 emusss
601 2615 631 2650 re
734 2617 829 2668 queem
838 2617 880 2653 res

220 2664 327 2716 Artrbus
339 2671 420 2732 etque
428 2666 520 2719 modis.
527 2694 564 2705 -
571 2665 624 2729 Qui
669 2666 723 2719 'des
734 2668 813 2721 l’‘-“
819 2669 917 2722 Jemne
926 2668 1017 2726 doloso

220 2729 280 2783 Non
292 2732 355 2783 setis
367 2738 407 2785 est
420 2732 539 2785 Itlssccm
550 2734 640 2787 revehi
652 2735 802 2805 petricsqne
814 2743 923 2806 penates

220 2796 360 2867 Adspicere
370 2799 396 2855 l”
426 2800 471 2858 “0
483 2801 552 2855 nulli
564 2802 711 2871 quidquem
721 2806 841 2873 mentite,
852 2806 934 2874 rides,
945 2812 978 2860 ut

573 2897 584 2920 n
600 2887 668 2927 lmen
869 2913 872 2919 -
