2409 3317
414 346 627 411 §Animum
647 344 687 402 11.
706 348 731 402 7.
925 346 976 399 18³

185 451 341 506 Altereente
352 450 506 505 libidinibus
518 449 609 504 tremis
621 464 679 502 osse
690 463 793 517 perere

187 521 259 585 Quid
271 520 358 587 refert,
370 521 419 587 uri,
432 519 514 588 virgis
524 520 645 587 ferroque
657 516 745 571 neeeri

186 590 349 643 Auetomtus
360 606 412 655 ees,
424 606 459 643 en
470 588 544 658 turpi
555 587 660 641 elsusus
672 586 701 640 in
713 602 781 653 eree,

187 658 285 722 Quoto
297 657 402 712 demisit
414 658 517 727 peoesti
528 656 633 711 oonseie
644 654 741 721 herilis,
945 652 979 704 60

187 726 358 780 Oontreotum
370 725 481 795 genibus
492 731 587 795 tenges
599 723 698 794 ceputl
734 723 815 777 Estne
827 720 922 775 merito

187 795 318 850 Meteone
329 795 463 865 peeeemb
474 796 504 849 in
515 793 592 848 umbo
599 795 674 863 juste
685 790 818 862 potestssl

188 864 223 917 Iu
234 871 413 946 eorruptorem
424 863 466 917 vel
474 863 579 933 Justior.
615 862 667 916 Ius
678 868 768 915 temen
781 877 809 915 ee

188 934 249 988 Non
260 932 355 987 babitu
365 941 487 987 mutetre
498 932 562 996 loeo,
573 938 698 1000 peoostve
710 946 828 999 superne

188 1002 279 1067 Quum
290 1008 318 1055 te
329 1000 453 1055 formidet
464 1000 560 1053 mulier
570 1015 657 1068 neque
669 998 759 1053 eredat
771 996 879 1065 ementi,

189 1070 245 1123 Ibis
257 1070 307 1123 sub
318 1069 421 1123 fineen
432 1068 547 1139 prudens
559 1067 716 1137 dominoque
728 1066 829 1121 furenti

189 1139 343 1193 committes
351 1155 408 1191 sem
416 1155 520 1192 omnem
530 1137 649 1191 etritsm
659 1142 754 1191 etcum
763 1152 867 1206 corpore
876 1135 982 1189 semem.

189 1208 296 1261 Evmti:
314 1207 398 1274 eredo,
409 1213 531 1262 metues*
542 1206 687 1276 doctusque
699 1205 817 1270 ouvebis3

189 1277 304 1343 Quem,
316 1276 422 1345 qusndo
432 1276 530 1330 iterum
576 1293 638 1329 reus
650 1275 799 1343 iterumque
810 1273 896 1343 perire

190 1344 517 1412 Possis,ototiesservusi
614 1344 703 1397 Mlius
714 1342 808 1412 ruptis,
948 1341 982 1395 70

191 1413 280 1477 Quum
292 1412 371 1466 semel
383 1413 485 1495 effugit²
496 1411 584 1466 reddit
596 1430 624 1466 se
635 1428 717 1481 preve
729 1410 847 1464 oetenisl

190 1482 251 1535 Non
259 1498 318 1534 sum
325 1481 504 1547 moeubuqms
521 1480 639 1549 Nequee
657 1497 680 1547 o,
689 1479 802 1547 boseule,
809 1479 861 1547 fur,
869 1476 915 1531 ubi
923 1494 984 1532 vose

191 1550 322 1604 Preteseo
334 1549 438 1619 sepiens
530 1554 588 1602 tes:
606 1498 670 1601 tolle
682 1547 817 1617 periclum,

191 1620 211 1674 J
212 1637 256 1673 sm
268 1636 336 1701 vege
348 1618 467 1689 prosiliet
537 1617 544 1631 '
570 1623 667 1671 nutura
677 1616 791 1670 remotis.

191 1688 267 1743 nme
277 1688 345 1742 rmhi
356 1687 486 1755 dominus,
496 1704 585 1741 serum
596 1684 713 1756 imperiis
724 1684 913 1754 hominumque

191 1758 241 1813 Tot
254 1758 388 1827 metimus
399 1757 493 1825 minor,
504 1772 584 1826 quem
595 1762 636 1810 ter
648 1754 766 1809 vindicte
778 1760 923 1824 quaterque

192 1827 232 1881 Im
282 1828 319 1881 'ts
331 1826 404 1882 bsud
415 1842 534 1896 unquam
545 1825 641 1879 misere
651 1824 792 1879 formidine
803 1823 907 1895 privetl

192 1844 357 1967 Adddflduper
368 1896 454 1962 dietis,
466 1894 536 1965 quod
547 1912 602 1950 non
613 1894 699 1949 levius
710 1894 811 1949 velent:
829 1910 893 1949 nun

192 1964 253 2019 Sive
265 1966 379 2020 viosrius
390 1972 438 2031 est,
450 1965 497 2034 qui
508 1981 581 2019 servo
657 1969 677 2031 t,
688 1964 731 2017 uti
741 1980 798 2017 mos

193 2034 287 2088 Vester
294 2035 341 2102 sit,
346 2052 392 2089 seu
399 2051 555 2098 oonservusq
566 2033 589 2086 ti
607 2032 690 2101 iquid
699 2031 830 2101 sumegol
843 2031 944 2102 Nempe
951 2032 985 2083 80

193 2102 242 2168 uu,
253 2101 321 2154 mihi
332 2102 379 2171 qui
390 2102 533 2171 imperitus,
544 2101 592 2155 elii
605 2101 685 2154 servis
696 2100 775 2154 miser
786 2106 867 2169 etque

193 2170 304 2223 Duoeris
315 2176 347 2223 ut
358 2170 445 2223 nervis
457 2170 550 2223 elienis
561 2168 658 2223 mobile
670 2169 780 2237 lignum

195 2239 323 2303 Quisnsm
333 2238 418 2307 igitur
429 2238 513 2292 liberl
531 2237 648 2307 Sepiens,
661 2237 710 2290 sibi
722 2238 768 2306 qui
780 2236 943 2307 imperiosus,

196 2307 428 2377 Quemnequepeu
476 2306 987 2376 'esnequemorsnequevinculsterrent

196 2376 357 2446 Responsum
368 2324 545 2445 oupiffibus,
557 2380 723 2431 oontemnese
734 2375 843 2430 bonores

196 2446 288 2502 Fortis.
301 2444 369 2499 etin
381 2462 410 2499 se
421 2444 478 2514 ipso
489 2451 569 2511 totus,
583 2450 650 2499 teres
662 2450 742 2515 utque
754 2444 890 2515 rotundus,

196 2513 308 2569 Externi
319 2531 354 2569 ne
366 2513 432 2584 quid
444 2513 532 2568 velent
544 2512 659 2584 perleve
671 2531 715 2569 mo
760 2514 766 2529 '

197 2583 230 2637 In
259 2600 321 2637 uem
331 2600 426 2638 msnoe
437 2583 493 2637 ruit
505 2600 607 2653 semper
618 2582 731 2639 fortune
791 2588 881 2637 otesne

197 2651 239 2705 Ex
272 2653 293 2706 's
306 2658 336 2707 ut
347 2651 482 2735 proprium
494 2652 558 2722 quid
570 2650 693 2706 noscerel
729 2651 852 2721 Quinque
863 2650 965 2706 tulente

197 2720 285 2775 Poseit
297 2726 325 2774 te
336 2722 439 2788 mulier,
451 2727 532 2776 vexet
542 2720 696 2790 foribusque
708 2720 843 2790 repulsum
955 2722 989 2774 90

198 2789 339 2845 Perfundit
350 2789 446 2861 gelida.
456 2807 545 2845 seusus
557 2796 649 2854 roost3
666 2790 738 2861 eripe
750 2788 823 2859 turpi

534 2880 543 2907 ⁸
558 2878 653 2917 metuem
