2409 3317
405 377 603 432 csRMINUM
622 376 679 430 111.
697 376 807 431 26-27.
966 374 999 425 77

320 482 427 551 Regino,
440 480 546 535 sublimi
557 479 663 549 flagello

354 552 443 619 Tange
455 549 555 605 Chlodn
567 549 647 602 semel
658 552 831 616 arrogantem

349 764 498 818 OARMEN
515 762 877 816 XXVI1.-n1>csmess.-
930 716 934 724 Δ

287 889 385 943 Inrros
397 904 480 958 psrrae
490 886 632 941 recinentis
643 902 719 940 omen

286 958 375 1012 Ducat
387 965 414 1012 et
425 974 565 1028 praegnans
577 956 650 1009 conis
661 961 710 1009 eut
721 954 755 1009 sb
767 969 830 1023 agro

288 1028 362 1081 ltere
373 1028 512 1083 decurrens
524 1026 588 1095 lupe
599 1024 745 1092 Lanuvino,

356 1096 474 1166 Feteque
488 1094 587 1163 vulpes.

289 1165 407 1236 Rumpct
418 1172 446 1219 ct
458 1180 563 1233 serpens
574 1163 627 1216 iter
637 1162 801 1226 institutum,

288 1235 317 1289 Si
328 1252 375 1305 per
386 1235 522 1303 obliquum
535 1231 628 1285 similis
641 1231 746 1299 sagittae

288 1304 394 1357 Terruit
404 1319 522 1356 monnos.
557 1301 615 1371 Ego
626 1301 671 1353 cui
681 1298 780 1353 timebo

358 1372 487 1426 Providus
499 1387 606 1439 auspex,

290 1442 440 1509 Antequam
452 1444 551 1493 stantes
563 1441 667 1506 repetat
678 1435 788 1505 paludes

291 1510 420 1563 Imbrium
431 1507 522 1561 divino
533 1507 590 1559 ovis
601 1505 795 1567 imminentum‚

290 1578 413 1633 Oscincm
424 1592 531 1629 corvum
542 1590 619 1644 prece
632 1571 762 1625 suscitabo

360 1645 428 1700 Solis
439 1642 473 1698 cb
484 1649 551 1698 ortu.

291 1716 332 1771 sn
343 1714 407 1769 licet
418 1714 492 1782 felix,
504 1712 655 1781 ubicunque
665 1709 757 1775 musis,

234 1816 235 1821 κ
291 1786 327 1840 Et
338 1800 437 1838 memor
447 1782 538 1850 nostri,
552 1781 669 1847 unane„
680 1779 762 1846 vives,

291 1856 378 1924 Teque
389 1870 438 1907 nec
450 1853 533 1906 lsevus
545 1855 617 1905 vetet
628 1850 667 1902 irc
678 1849 753 1918 picus

360 1923 417 1976 Noc
429 1938 497 1991 vegs
509 1920 607 1974 cornix.

293 1992 344 2047 Sed
355 1991 436 2059 vides,
449 1995 548 2061 quanto
560 1987 676 2058 trepidet
687 1985 806 2040 tumultu

293 2062 394 2116 Pronus
407 2061 494 2114 Orion.
529 2059 586 2128 Ego
599 2057 664 2125 quid
676 2056 711 2108 sit
723 2060 781 2108 ster

293 2131 402 2185 Hsdrioe
414 2129 477 2182 nori
488 2129 561 2180 sinus
573 2131 601 2179 ct
613 2125 677 2195 quid
688 2122 765 2177 olbus

363 2199 459 2252 Poccct
471 2196 563 2264 Iapyx

294 2268 420 2323 Hostium
432 2281 525 2319 uxores
536 2262 664 2332 puerique
675 2275 757 2312 coecos

294 2337 416 2392 Sentisnt
427 2339 515 2388 motus
527 2330 635 2386 orientis
647 2328 738 2382 Austri
750 2333 778 2381 ct

294 2407 417 2478 AEquoris
428 2402 500 2472 nigri
510 2398 647 2454 fremitum
658 2403 687 2451 ct
698 2400 839 2450 trementes

364 2474 477 2528 Verbere
488 2470 566 2539 ripas.

295 2546 338 2599 Sic
350 2550 377 2597 ct
388 2544 493 2612 Europe
504 2538 612 2593 niveum
624 2536 712 2590 doloso

296 2613 413 2668 Credidit
425 2618 501 2665 tsuro
512 2608 584 2662 letus
596 2612 624 2661 et
636 2609 781 2660 scatentem

296 2683 396 2802 BelluIis
441 2684 519 2734 ntum
514 2676 683 2800 dffxequue
693 2672 801 2727 fraudes

426 2750 467 2801 uit
477 2764 514 2801 su
569 2786 575 2799 .

298 2820 343 2873 Nu
375 2835 389 2870 r
400 2818 429 2869 in
440 2816 524 2885 protis
536 2812 654 2867 studiose
664 2812 760 2865 florum
771 2812 799 2860 st

298 2889 339 2943 De
355 2887 401 2940 itss
411 2883 544 2954 Nymphis
555 2882 645 2952 opifex
656 2892 757 2934 coronn
