2409 3317
430 368 683 427 EPISTOLARUM
702 368 725 421 Ι.
745 371 785 423 16.
952 372 1004 424 209

212 470 378 540 yiemperiem
388 471 486 525 leudes
522 470 602 539 Quid,
615 472 637 524 si
648 471 796 527 rubicunde
860 472 866 486 '
907 473 913 487 '

213 540 299 593 Corne
309 557 401 609 vepres
413 546 440 593 et
451 556 537 610 pruno
547 540 653 595 ferenti
671 542 815 610 siquerous
828 548 855 595 et
868 541 874 554 ‘
887 559 921 595 ex

212 606 303 661 Multo
314 608 391 677 fruge
402 625 490 678 pecus,
502 609 588 663 multe
600 610 736 663 dominum
744 612 824 679 juvet
836 609 945 665 umbroi
971 614 1004 663 10

211 676 293 730 Dices
304 676 451 731 adductum
480 678 570 748 ropius
580 679 701 733 frondere
714 680 864 734 Tarentum.

212 744 283 798 Fons
295 744 376 799 etism
387 746 444 801 rivo
529 764 626 801 nomen
637 748 754 816 idoneus,
766 754 798 801 ut
810 766 859 802 neo

212 812 345 883 Frigidior
356 814 487 869 Threcum
498 833 547 869 nee
558 817 648 885 purior
659 818 759 873 ombiot
771 817 884 886 Hebrus,

212 881 322 937 infirmo
333 884 416 953 ospiti
427 883 488 937 fluit
499 884 580 952 utilis,
593 885 667 939 utilis
679 886 746 940 olvo.

212 950 265 1004 Hes
276 951 385 1006 lotebrss
397 953 493 1020 dulsos,
505 954 593 1021 etiem,
606 954 628 1007 si
640 954 731 1022 eredis,
743 971 852 1009 omoense

212 1019 377 1073 Iuoolumem
388 1021 438 1074 tibi
449 1038 492 1076 me
503 1027 632 1090 prsestent
643 1021 676 1076 Se
695 1023 840 1078 tembribus
851 996 929 1081 ioris.

211 1087 254 1141 'du
264 1095 336 1142 reete
347 1089 421 1156 rivis,
433 1090 456 1143 si
468 1107 543 1144 curus
555 1108 610 1145 esse
622 1041 694 1160 quoi
704 1092 788 1146 sudis.

211 1157 351 1212 Jostemus
359 1159 518 1229 jampridem
530 1160 615 1213 omnis
626 1167 655 1214 te
666 1161 750 1215 Romu
761 1160 882 1228 bestum3

211 1225 264 1280 Sed
275 1244 371 1297 vereor,
383 1244 417 1281 ne
428 1229 473 1281 eui
484 1229 517 1282 de
529 1235 556 1283 te
568 1229 628 1299 plus
640 1246 721 1299 quem
733 1230 783 1284 tibi
795 1232 892 1300 medos,

211 1294 284 1350 Neve
295 1302 374 1365 putes
385 1297 467 1351 odium
479 1299 598 1368 sapiente
609 1299 727 1369 bonoque
738 1300 859 1365 bestum3
969 1304 1003 1353 20

211 1363 280 1432 Neu,
292 1365 315 1417 si
326 1370 354 1418 te
365 1382 399 1433 po
417 1366 477 1418 ulus
489 1384 584 1420 senum
594 1374 716 1435 reeteque
727 1368 860 1421 veientem

211 1431 332 1499 Diotitet,
344 1383 475 1486 menium
486 1434 586 1487 febrem
596 1434 645 1488 sub
657 1441 762 1504 tempus
774 1436 868 1489 edendi

212 1499 375 1568 Dissimules,
388 1500 469 1554 donee
481 1501 602 1555 menibus
614 1508 711 1557 tremor
722 1504 823 1556 ineidat
836 1504 931 1559 unctis.

212 1567 360 1621 Stultorum
371 1569 493 1623 ineurete
503 1572 589 1639 pudor
599 1572 685 1625 molus
696 1572 787 1625 uleers
797 1572 873 1639 celet

212 1636 241 1690 Si
253 1636 312 1705 quis
323 1637 394 1691 belle
404 1638 455 1691 tibi
466 1643 537 1693 terro
548 1645 668 1709 pugnate
679 1640 798 1710 merique

212 1705 304 1770 Diest,
316 1706 398 1760 ethis
409 1706 496 1760 verbis
508 1724 605 1761 roeuos
616 1707 780 1774 permulceat
792 1724 876 1775 sures,

213 1777 228 1802 ‘⁸
236 1774 306 1827 Tene
317 1774 402 1842 magis
414 1775 516 1828 salvum
528 1775 645 1845 populus
655 1776 726 1843 velit,
738 1793 774 1828 sn
786 1776 914 1845 populum
925 1782 965 1843 tu,

214 1840 306 1896 Servet
317 1843 346 1896 in
358 1843 488 1913 ambiguo,
501 1845 548 1914 qui
560 1844 674 1899 consulit
683 1852 711 1900 et
723 1844 772 1899 tibi
784 1851 812 1899 et
823 1844 890 1911 urbi,

214 1910 322 1981 Jupiter
332 1911 356 1976 ;”
374 1913 488 1981 Augusti
499 1914 590 1969 leudes
657 1932 742 1968 oseere
753 1914 834 1984 possis
846 1931 852 1967 ;

212 1978 301 2043 Quum
312 1980 410 2049 peteris
422 1980 525 2050 sepiens
536 1930 743 2051 emeriffiusque
755 1982 849 2048 soceri,
964 1983 998 2033 30

298 2048 396 2101 ndesne
406 2055 462 2112 tuo,
474 2049 517 2102 die
528 2050 601 2103 sodes
621 2049 743 2103 nominei
763 2050 886 2115 “Nempe

213 2116 260 2169 Vir
304 2133 354 2167 nus
366 2121 395 2168 et
404 2117 519 2184 prudens
530 2117 584 2169 diei
595 2090 709 2171 delector
721 2134 769 2184 ego
781 2133 811 2168 sc
824 2116 877 2168 tu.”

212 2183 265 2248 Qui
276 2183 350 2236 dedit
361 2183 410 2236 hoo
421 2184 507 2265 hodie²
518 2201 582 2251 eres,
594 2184 617 2237 si
628 2185 706 2253 volet,
718 2184 826 2249 auferet,
836 2190 867 2236 ut
877 2184 900 2237 si

211 2251 344 2305 Detulerit
354 2252 437 2305 foeces
448 2252 565 2332 indigno,
576 2254 698 2307 detrahet
709 2253 786 2307 idem.

142 2342 147 2349 ·
211 2321 227 2348 “
238 2321 317 2386 Pone,
329 2336 420 2373 meum
432 2318 494 2385 est,”
506 2319 604 2388 mquit.
641 2319 724 2386 Pone,
737 2316 873 2386 tristisque
884 2315 983 2372 recedo.

213 2387 288 2440 Idem
299 2387 322 2440 si
333 2387 429 2440 elamet
440 2385 533 2452 furem,
545 2389 625 2453 neget
637 2400 691 2437 esse
703 2383 837 2453 pudicum,

213 2455 361 2511 Contendet
371 2455 465 2524 laqueo
476 2452 574 2508 collum
585 2452 707 2522 pressisse
719 2457 872 2523 paternum

212 2525 335 2579 Mordetr
346 2523 490 2595 opprobriis
500 2522 574 2577 folsis
585 2527 737 2592 mutemque
749 2522 862 2576 coloresi

213 2594 305 2649 Falsus
314 2595 481 2664 honorjuvst
490 2591 640 2647 etmendox
649 2592 759 2645 infamis
768 2595 849 2644 terret
864 2586 955 2658 [quisi
967 2592 1001 2640 40

213 2665 298 2730 Quem
308 2665 360 2717 nisi
371 2663 525 2717 mendosum
537 2667 565 2715 et
576 2659 780 2715 medicandumi
798 2660 846 2713 Vir
858 2656 941 2711 bonus
953 2664 993 2710 est

213 2733 267 2798 Qui
278 2733 398 2787 consults
409 2737 522 2801 petrum,
534 2730 580 2801 qui
592 2730 663 2799 leges
671 2733 784 2801 J'ursque
796 2732 890 2793 servet,

214 2800 271 2868 Quo
283 2802 374 2856 multoe
386 2817 542 2870 msgnaeque
554 2806 676 2853 secuntur
684 2799 774 2867 judice
786 2796 854 2861 lites,

214 2870 272 2937 Quo
282 2888 324 2925 res
336 2887 457 2941 sponsore
468 2874 496 2923 et
508 2886 559 2939 quo
571 2884 656 2922 ceusu
668 2872 736 2921 teste
747 2870 880 2920 tenentur.

249 2956 314 2996 sou
600 2951 619 2989 1¹
