2409 3317
228 320 278 369 106
538 311 696 366 ΗΟΒΔΤΙΙ

294 421 418 475 Libenter
429 421 478 474 hoc
490 426 517 474 et
529 437 606 473 omne
617 421 777 474 militabitur

328 490 432 543 Bellum
443 490 472 542 in
484 496 539 542 tuae
551 506 624 570 spem
635 490 736 557 gratiss,

294 560 355 614 Non
366 565 398 612 ut
406 558 527 627 juvencis
538 558 642 625 illigata
653 557 775 627 pluribus

329 629 425 681 Aratra
436 627 557 681 nitantur
568 644 635 692 mea,

295 698 410 751 Pecusve
422 696 537 749 Calabris
549 703 612 748 ante
624 695 696 748 udus
707 694 839 748 fervidum

329 765 436 819 Lucana
447 770 533 817 mutet
544 765 656 832 pascuis,

295 836 386 905 Neque
397 841 429 887 ut
441 834 547 903 superni
559 832 750 887 villamudens
760 832 867 887 Tusculi
1122 891 1123 900 ἵ

331 904 428 958 Oircaea
439 909 533 970 tangat
545 901 649 956 moenia
984 906 1022 954 30
1120 927 1124 973 Ι

295 973 365 1027 Setis
377 990 406 1025 su
470 988 504 1023 ue
515 988 558 1023 me
569 969 719 1039 benignitas
731 977 780 1024 tua

329 1042 448 1095 Ditarst:
486 1040 539 1093 aud
551 1056 677 1108 paravero

297 1110 372 1177 Quod
384 1116 432 1163 sut
443 1125 538 1162 avarus
549 1114 581 1160 ut
593 1108 715 1161 Chremes
727 1114 798 1162 terra
808 1124 933 1178 mamam,

329 1178 481 1232 Discinctus
493 1182 540 1230 aut
551 1177 661 1245 perdam
671 1194 759 1246 nepos

446 1362 594 1417 osuMuu
613 1362 794 1417 IL—anmus.

294 1465 309 1491 “
316 1464 428 1533 Bassus
439 1463 490 1528 ille
503 1464 549 1533 qui
561 1461 653 1532 procul
664 1461 785 1527 negotiis,

331 1532 369 1584 Ut
380 1531 465 1601 pn'scs
477 1547 540 1599 gens
548 1530 709 1595 mortalium,

297 1601 412 1653 Paterno
422 1616 484 1652 rura
495 1598 577 1651 bobus
589 1604 694 1653 exercet
705 1598 766 1664 suis,

331 1668 437 1721 Solutus
449 1668 521 1721 omni
531 1668 629 1733 fenore,

296 1738 322 1789 N
323 1753 389 1857 estne
401 1737 534 1790 excitatur
545 1735 654 1789 classico
664 1735 740 1789 miles
751 1735 829 1802 truci,

357 1821 424 1873 eque
435 1804 523 1857 horret
534 1804 632 1857 iratum
643 1820 722 1868 mare,

297 1874 446 1940 Forumque
458 1873 526 1925 vitat
538 1877 565 1925 et
577 1872 690 1941 superba
701 1872 800 1925 civium

332 1941 514 1995 Potentiorum
524 1940 624 1995 limina

297 2011 367 2081 Ergo
380 2016 427 2064 aut
439 2009 531 2063 adulta
542 2010 639 2065 vitium
651 2010 795 2079 propagine

331 2080 407 2134 Altos
419 2080 527 2135 maritat
539 2079 655 2203 plopulos,
987 2082 1018 2129 10

297 2150 352 2203 Aut
364 2150 393 2202 iu
404 2148 514 2202 reducta
524 2167 542 2203 v
579 2166 594 2201 e
605 2148 783 2216 mugientium

332 2219 484 2288 Prospectat
496 2225 612 2273 ementes
624 2234 731 2285 gregss;

298 2288 462 2357 Inutilesque
473 2287 541 2340 falce
552 2304 639 2341 ramos
650 2291 791 2354 amputans

332 2357 470 2411 Feliciores
481 2356 588 2419 inserit;

296 2426 352 2479 Aut
364 2442 452 2493 presso
463 2425 537 2492 puris
548 2424 629 2477 mella
639 2422 730 2477 condit
741 2421 890 2491 amphoris3

331 2496 387 2545 Aut
398 2493 491 2545 tondet
502 2492 619 2545 infirmus
631 2509 692 2545 oves
698 2510 706 2555 ;

297 2562 347 2614 Vel
360 2576 442 2629 quum
454 2560 577 2612 decorum
588 2560 697 2621 mitibus
708 2558 793 2628 pomis
805 2564 885 2626 ceput

332 2628 483 2681 Autumnus
495 2628 565 2694 egris
576 2626 684 2692 extulit,

297 2699 335 2751 Ut
347 2696 445 2763 gaudet
457 2696 565 2748 insitiva
577 2695 718 2760 decerpens
729 2710 806 2762 pyra,

332 2765 613 2818 Oertsntemetuvam
624 2778 756 2829 purpurae,
984 2766 1015 2814 20
1120 2807 1122 2822 ‚

298 2834 356 2899 Qua
367 2836 520 2883 muneretur
531 2834 566 2895 te,
578 2828 682 2895 Priape,
693 2843 721 2882 et
732 2836 767 2896 te,
779 2836 855 2901 pater
