2409 3317
244 354 295 402 154
562 348 718 403 HORA'HI
809 386 813 392 -

242 450 382 503 Inventore
393 449 479 502 minor
485 469 493 513 ;
510 450 594 518 neque
606 467 655 517 ego
666 450 708 501 illi
720 450 856 502 detrahere
868 450 956 504 susim
984 451 990 457 ’

243 519 395 571 Haerentem
406 518 488 586 cupiti
499 534 560 571 cum
572 519 659 571 multe
669 518 748 571 leude
760 536 887 572 coronam

243 587 279 638 le
291 586 347 638 dixi
358 586 440 639 fluere
452 587 523 639 huuc
535 586 705 652 lutulentum,
718 604 787 655 supe
798 588 927 641 ferentem
1003 593 1042 642 50

243 655 323 736 Plure
335 655 441 736 quidem
453 655 570 708 tollenda
580 656 768 724 relinquendis
803 656 867 723 Age,
879 673 976 725 quaeso,
1033 664 1037 669 “

243 724 283 775 uu
295 724 363 775 mhrl
375 724 403 775 in
415 740 511 791 magno
523 724 616 777 doctus
627 740 656 775 re
673 723 796 777 rehendis
809 724 941 778 Homero?

243 792 289 844 Nil
300 792 380 845 comis
392 793 486 860 tragici
497 796 585 849 mutet
597 792 638 844 Im
675 793 715 845 'us
725 792 809 846 Accii

243 860 268 912 N
269 877 304 912 on
314 861 383 913 ridet
395 878 483 913 versus
495 860 567 913 Enni
579 862 711 929 gravitate
721 861 841 929 minores,

245 930 333 993 Quum
345 930 377 981 de
389 947 416 982 se
428 930 546 998 loquitur
558 946 611 981 non
623 936 654 981 ut
665 931 763 1010 mejore
773 930 921 998 reprensisl

245 997 316 1058 Quid
328 1006 401 1052 vetet
414 1005 441 1051 et
452 1003 554 1051 nosmet
565 998 652 1051 Lucili
665 1004 764 1066 scripto
773 997 891 1066 legentes

245 1067 372 1133 Quaerere,
384 1083 449 1119 num
461 1068 541 1134 illius,
552 1084 618 1119 num
629 1082 717 1119 rerum
728 1066 796 1119 dure
806 1068 920 1135 negarit,

246 1136 392 1188 Versiculos
403 1143 499 1189 neuun
509 1135 594 1201 magis
605 1135 689 1188 foetos
700 1141 727 1187 et
739 1142 832 1188 euntes

246 1204 359 1271 Mollim,
372 1221 403 1257 ec
415 1204 436 1256 si
449 1204 508 1271 quis
519 1203 630 1271 pedibus
641 1203 705 1271 quid
716 1204 838 1256 claudere
849 1204 925 1271 senis,

246 1273 303 1325 Hoc
315 1279 422 1325 tentum
433 1278 578 1339 contentus,
590 1278 662 1325 umet
674 1272 806 1340 scripsisse
817 1273 943 1325 ducentos
1004 1276 1042 1327 60

246 1344 317 1393 Ante
329 1342 417 1394 cibum
428 1359 524 1408 versus,
536 1341 648 1394 totidem
660 1347 792 1405 coenstus;
810 1341 915 1394 Etrusci

247 1410 330 1474 Quale
341 1410 394 1462 fuit
406 1410 478 1463 Oeesi
490 1410 582 1479 rapido
593 1409 739 1462 ferventius
751 1426 828 1462 amne

247 1479 394 1547 Ingenium,
406 1479 491 1548 capsis
503 1496 581 1547 quem
593 1479 665 1530 lame
677 1483 717 1530 est
728 1494 783 1530 esse
794 1477 920 1547 librisque

249 1548 406 1601 Ambustum
435 1548 535 1616 ropriis.
571 1546 664 1599 Fuerit
675 1546 798 1613 Lucilius,
810 1546 927 1616 inquom,

249 1617 334 1669 Oomis
346 1624 373 1669 et
387 1566 508 1683 urbanus,
520 1616 602 1668 fuerit
614 1615 730 1667 limatior
741 1615 812 1667 idem

179 1726 183 1733 .
249 1686 336 1745 Quam
347 1686 420 1737 rudis
432 1692 460 1738 et
472 1685 570 1737 Groecis
582 1684 678 1737 intecti
689 1684 812 1737 carminis
824 1690 922 1752 auctor,

249 1754 384 1821 Quemque
395 1756 534 1822 poetarum
547 1753 678 1805 seniorum
689 1751 784 1816 turbe3
801 1752 847 1805 sed
858 1753 912 1819 ille,

248 1821 276 1873 Si
288 1822 355 1874 foret
366 1821 416 1873 hoc
427 1828 546 1873 nostrum
557 1822 614 1874 leto
626 1821 725 1873 dilutus
736 1822 765 1873 in
777 1838 872 1888 ervum,

248 1888 384 1942 Detereret
395 1890 444 1941 sibi
455 1890 547 1957 multe,
558 1890 686 1943 recideret
698 1906 774 1942 omne
786 1890 856 1957 quod
868 1890 940 1944 ultre

250 1958 400 2011 Perfectum
412 1958 566 2027 ueheretur,
579 1958 647 2011 etin
658 1976 737 2011 versu
747 1958 868 2011 faciendo
1004 1958 1040 2025 70

249 2026 323 2095 Saepe
336 2033 416 2148 ceYut
428 2026 551 2096 scaberet,
563 2028 637 2081 vivos
648 2032 676 2079 et
687 2028 790 2080 roderet
800 2044 911 2095 ungues.

249 2095 324 2164 Soepe
336 2096 370 2148 sti
381 2114 426 2148 um
437 2102 531 2164 vertes,
543 2097 639 2150 iterum
651 2113 710 2165 quse
721 2096 803 2163 digne
814 2096 867 2163 legi
879 2097 941 2163 sint,

249 2164 407 2233 Scripturus,
419 2182 511 2232 neque,
523 2172 551 2219 te
563 2172 594 2218 ut
605 2165 717 2218 miretur
728 2165 814 2230 turbs,
828 2164 936 2232 luboree,

250 2233 394 2286 Contentus
424 2235 497 2287 eneis
508 2234 655 2287 lectoribus.
690 2233 734 2286 An
745 2238 793 2286 tue
804 2233 911 2286 demens

250 2302 353 2354 Vilibus
364 2303 393 2354 in
404 2252 474 2355 liidie
486 2303 582 2356 dictori
593 2303 710 2355 carmine
720 2301 815 2356 nuelisl

250 2370 378 2439 Noneg03
389 2388 452 2424 nem
460 2372 523 2424 setis
530 2377 570 2424 est
577 2370 901 2440 equitemmihipleudere
906 2369 1041 2436 utenda,

252 2438 414 2507 Contemptis
426 2439 491 2507 eliis,
504 2440 612 2509 exploso
623 2439 770 2492 Arbuscula
781 2439 859 2492 dixit.

251 2507 321 2571 Men,
334 2514 437 2560 movent
450 2509 535 2562 cimex
547 2508 687 2575 Pantilius,
699 2514 748 2561 eut
759 2508 860 2561 cruciet
871 2507 942 2576 quod

252 2576 363 2628 Vellioet
375 2576 509 2629 absentem
521 2576 677 2642 Demetrius,
689 2583 738 2627 eut
749 2577 819 2644 quod
831 2577 938 2645 ineptus

252 2642 369 2696 Fannius
381 2645 554 2711 Hermogenis
565 2644 645 2696 ludet
657 2644 767 2697 convive
778 2644 894 2712 Tigelli?
1005 2646 1041 2697 80

253 2710 355 2764 Plotius
367 2718 394 2764 et
407 2712 509 2777 Verius,
522 2711 651 2764 Maecenes
664 2712 850 2780 virgiliusque,

254 2778 362 2846 Valgius
375 2785 402 2831 et
414 2779 505 2846 probet
516 2780 573 2832 hoec
586 2779 711 2831 Octavius
723 2796 738 2832 o
756 2780 838 2833 timus
850 2787 930 2848 etque

254 2846 353 2900 Fuscus
364 2850 392 2899 et
403 2846 460 2897 hee
471 2846 575 2899 utinam
587 2846 724 2899 Viscorum
735 2797 827 2902 liudet
838 2853 964 2921 uterque!
1019 2882 1022 2888 ·
