2409 3317
426 376 635 437 SATIRARUM
652 378 694 435 Ι1Ῑ.
712 383 737 434 5.
930 378 979 433 177

187 482 896 623 ttlrlzllffiilffililililffllbi‚

188 626 244 680 Nec
256 631 362 678 tentum
374 625 491 693 Veneris,
503 630 634 693 quantum
646 625 763 678 studiose
775 624 877 681 culinae.
947 625 981 677 80

189 693 233 747 Sic
245 694 295 747 tibi
307 694 437 776 Penelope
448 694 520 762 frugi
530 700 579 760 est,
592 702 650 775 quie
663 694 686 747 si
697 694 777 747 semel
789 704 842 747 uno
872 718 875 725 ¹

188 763 229 816 De
241 780 302 817 eene
314 769 430 831 gustent
441 768 529 816 tecum
541 768 642 832 partite
653 762 787 831 lucellum,

189 831 227 883 Ut
239 832 312 885 cenis
324 847 341 885 e
352 832 421 885 corio
433 848 571 899 nunquam
581 830 770 885 absterrebitur
781 836 870 886 uncto.

188 899 234 952 Me
244 918 313 968 seno,
320 900 391 969 quod
399 900 494 966 dicum,
501 900 604 953 fectum
613 906 666 953 est:
682 917 749 953 enus
759 900 878 970 improbe
886 898 981 956 Thebis

188 968 231 1021 Ex
243 974 402 1022 testsmento
414 968 451 1020 sic
462 977 502 1021 eet
513 968 597 1021 eluto:
616 967 728 1023 cederes·
966 976 969 981 ’

189 1037 306 1090 Unctum
318 1036 375 1089 oleo
386 1036 460 1105 largo
471 1036 552 1089 nudis
562 1037 679 1089 humeris
691 1037 755 1091 tulit
766 1037 856 1103 heres;

189 1104 295 1159 Scilicet
306 1104 376 1159 elubi
388 1105 411 1157 ei
422 1110 508 1173 posset
519 1114 639 1169 mortum
657 1105 741 1174 credo,

189 1173 267 1235 Quod
278 1174 391 1227 nimium
402 1174 536 1229 institeret
547 1174 656 1229 viventi
692 1175 791 1229 cnutus
803 1176 884 1243 edito,

188 1242 215 1295 N
215 1260 248 1296 eu
260 1243 329 1296 desis
340 1260 433 1313 operte,
444 1260 511 1297 neve
522 1243 709 1298 immoderatus
720 1244 844 1299 abundes

188 1310 329 1365 Difficilem
341 1318 368 1365 et
379 1329 511 1365 morosum
522 1312 637 1365 offendet
648 1314 769 1381 garrulus
775 1332 783 1378 ;
801 1314 885 1368 ultro⁰
944 1316 979 1367 90

189 1379 250 1432 Non
262 1380 343 1432 etium
355 1380 438 1433 sileee.
473 1380 565 1433 Dorus
577 1381 612 1433 sie
624 1381 738 1434 comicus
749 1388 830 1450 utque
967 1386 970 1401 ¹

189 1446 249 1500 Stes
260 1449 347 1529 eapite
357 1446 467 1516 obstipo,
478 1447 595 1499 multum
607 1448 699 1501 similis
711 1450 847 1504 metuenti.

190 1515 321 1585 Obeoqmo
331 1532 464 1597 ρωπος
480 1530 564 1582 mone,
577 1516 599 1567 si
611 1515 755 1570 increbruit
767 1533 840 1584 euro,

189 1585 289 1638 Cautus
301 1590 343 1638 uti
354 1583 425 1636 velot
436 1600 526 1636 curum
538 1590 634 1653 coput;
652 1585 761 1639 extrehe
772 1586 851 1639 turbe

190 1653 323 1723 Oppositie
334 1652 463 1714 humerie;
480 1668 571 1705 eurem
583 1651 731 1749 substringe
743 1653 852 1723 loquaci.

189 1722 231 1775 Im
265 1730 362 1777 rtunue
374 1727 447 1773 umet
459 1719 563 1773 louduri
574 1737 581 1781 ς
600 1717 692 1797 (Ῑοιιοοε
720 1720 776 1775 Ohe
784 1721 842 1789 jem
853 1720 869 1775 Γ

188 1740 342 1841 ΑᾶρὲωΙιιω
352 1786 474 1841 munibus
486 1784 596 1838 sublatis
608 1784 713 1851 dixerit,
726 1801 791 1852 urge
803 1792 830 1839 et

189 1858 353 1912 Crescentem
364 1855 473 1909 tumidis
483 1853 548 1907 infla
560 1851 722 1907 sermonibus
733 1859 827 1908 utrem.

190 1927 278 2043 guum
290 1933 318 1981 te
328 1925 434 1979 servitio
445 1925 524 1993 longo
535 1938 648 1991 curaque
660 1922 762 2001 levarit,

215 1998 226 2044 t
238 2001 341 2045 certum
351 1992 472 2060 vigilans,
484 1994 491 2019 ‘
501 1992 611 2052 Quartae
623 1997 678 2045 esto
690 1998 773 2060 perus
786 1988 892 2058 Ulixes,'
930 1991 980 2041 100

190 2061 321 2127 Audieris,
333 2060 423 2113 ‘heres
433 2060 447 2113 :'
465 2060 553 2127 ‘Ergo
564 2076 637 2113 nunc
649 2058 734 2113 Deme
746 2057 842 2111 sodalis

190 2127 328 2196 Nusquam
337 2128 393 2180 esti
406 2128 483 2180 Unde
491 2128 558 2180 mihi
567 2128 727 2181 temfortem
736 2132 843 2193 tumque
851 2125 955 2179 fidelem
961 2124 981 2175 i*

190 2195 290 2265 Sparge
302 2195 413 2249 subinde
423 2215 430 2259 ;
448 2204 483 2262 et,
493 2197 515 2248 si
526 2196 648 2264 paullum
660 2202 742 2262 potes,
750 2193 925 2257 illncrimer05
937 2203 977 2247 est

192 2267 295 2321 Gaudio
305 2266 459 2336 prodentem
470 2264 576 2319 vultum
587 2264 678 2319 celere.
714 2263 869 2333 Sepulcrum

191 2336 351 2391 Permissum
362 2333 470 2389 arbitrio
482 2334 538 2387 sine
550 2332 667 2387 sordibus
679 2339 785 2387 exstrue
792 2352 800 2398 ;
817 2334 898 2387 funus

191 2406 303 2474 Egregie
313 2405 417 2457 fuctum
427 2403 520 2457 laudet
531 2403 637 2457 vicinia.
672 2402 700 2455 Si
713 2402 772 2471 quis

192 2474 271 2527 Forte
281 2473 438 2527 coheredum
450 2471 535 2525 senior
546 2471 616 2525 mele
628 2470 728 2539 tussim,
741 2471 803 2525 huic
815 2476 847 2526 tu

191 2543 250 2610 Dic,
262 2559 296 2595 ex
307 2548 382 2611 purte
394 2547 442 2595 tue
453 2559 499 2595 eeu
510 2540 588 2595 fimdi
600 2540 656 2593 eive
667 2540 807 2595 domuerit

192 2610 309 2681 Emptos,
321 2610 481 2679 gaudentem
492 2627 600 2665 nummo
612 2615 640 2663 te
651 2610 779 2663 uddicere.
814 2608 865 2663 Sed
877 2627 919 2663 me
968 2638 971 2644 ,

193 2679 336 2750 Imperioso
347 2679 431 2733 trehit
442 2679 612 2749 Prooemium
629 2679 689 2733 vive
701 2676 837 2747 veloque.'’
930 2681 980 2737 110

545 2768 557 2795 ⁸
570 2766 628 2808 slus

229 2975 294 3015 ROB.
583 2973 602 3013 1
