2409 3317
213 363 265 415 nc
524 344 682 419 nontin

212 459 249 513 Oc
266 459 300 528 ia,
312 476 365 514 neu
375 458 479 515 fluitem
490 459 578 515 dubiae
589 478 635 530 sps
646 460 778 531 pendulus
788 463 866 516 hore.
950 464 1004 517 110

275 531 339 583 satis
350 536 391 583 est
401 547 475 583 orere
486 529 507 583 J
507 546 582 583 cram
592 547 653 599 quoe
665 530 747 583 donat
758 535 786 583 et
798 529 902 582 aufertc

211 596 265 651 Det
276 598 367 668 vitam,
379 599 425 653 det
436 615 505 669 opes,
517 615 624 669 equum
634 598 673 652 mi
685 600 803 653 animum
814 601 870 669 ipse
881 600 988 670 parabo.

331 762 507 819 EPISTOLA
523 764 672 819 iiiii-nn
685 778 872 817 nncnrnnnu.

212 866 316 925 Pnrscc
327 870 350 925 si
361 871 454 940 credis,
465 871 597 926 Maccnas
609 871 693 940 docte,
706 873 820 941 Cratino,

210 936 294 994 Nulla
305 941 408 1011 placere
420 942 467 995 din
478 958 528 995 nec
538 942 628 995 vivere
639 943 757 996 carmina
767 946 884 1012 possunt,

212 1011 278 1076 Quas
289 1010 441 1063 scribuntur
452 1026 527 1079 aque
536 1010 678 1092 potoribus.
714 1011 752 1065 Ut
763 1012 833 1065 maie
845 1028 920 1065 sanes

211 1077 358 1146 Adscripsit
370 1078 448 1132 Iriber
459 1078 561 1148 Satyrs
573 1080 723 1149 Faunisque
735 1083 835 1149 petitas,

212 1147 283 1200 Vina
293 1147 348 1200 iere
360 1147 449 1200 drilccs
461 1148 585 1201 oluerunt
595 1164 674 1201 manc
687 1148 814 1203 Oamcnae.

211 1216 346 1270 laudibus
356 1217 479 1284 arguitur
489 1216 547 1269 vini
557 1216 666 1269 vinosus
677 1217 825 1282 Homerum

211 1285 314 1337 Ennius
325 1285 381 1353 ipse
392 1290 468 1354 pater
478 1301 618 1354 nunquam
628 1286 682 1339 nisi
726 1292 770 1341 tus
782 1288 816 1340 ad
828 1304 901 1340 arma

212 1353 337 1407 Prosiluit
349 1353 467 1408 dicenda
502 1354 600 1407 Forum
612 1372 650 1424 pu
704 1372 755 1425 que
767 1356 874 1410 Libonis

211 1421 343 1477 Mandabo
354 1423 438 1491 siccis,
449 1423 565 1477 adimam
577 1430 684 1477 cantare
696 1425 807 1479 severis:

211 1491 271 1545 Hoc
282 1491 517 1560 simuledixi‚ncn
529 1509 661 1546 cessavere
710 1495 759 1547 ''tae
964 1497 998 1545 10

210 1560 346 1615 Nocturnc
358 1567 458 1615 certare
469 1577 547 1629 merc,
559 1573 653 1631 putere
685 1562 767 1616 'urnc

211 1628 289 1697 Quid,
301 1630 324 1682 si
335 1630 393 1698 quis
404 1630 483 1685 vultu
495 1636 569 1684 torvo
580 1631 652 1683 ferus
664 1636 692 1684 et
756 1648 770 1684 e
782 1632 854 1684 nudo

211 1697 375 1768 Exiguaque
386 1704 455 1768 togas
467 1699 574 1753 simulet
585 1704 689 1753 textore
737 1705 834 1768 tcnem,

211 1765 379 1820 virtutemne
390 1774 560 1836 repraescntat
570 1785 708 1837 moresque
720 1768 844 1822 Catonisi

210 1834 296 1905 Rupit
307 1834 436 1888 Iarbitam
447 1836 598 1905 Timagenis
611 1838 708 1891 aemula
719 1837 821 1906 lingua,

210 1903 282 1956 Dum
294 1903 383 1957 studet
393 1904 510 1957 urbanus
522 1905 661 1976 tenditque
672 1906 786 1959 disertus
800 1904 898 1960 haberi

210 1972 317 2041 Decipit
328 1972 463 2041 exemplar
474 1973 547 2026 vitiis
558 1974 705 2039 imitabila;
722 1976 792 2045 quod
806 1976 828 2028 si

210 2040 341 2095 Pnllerem
352 2057 422 2109 casu,
433 2040 554 2096 biberent
566 2060 703 2113 exsangue
715 2045 859 2098 cuminum.

211 2109 782 2181 Oimitatcrcsservumpecuautmihissc

209 2179 303 2248 Bihm,
315 2197 383 2250 soepe
391 2183 484 2249 jocum
494 2181 580 2245 vestri
586 2198 692 2235 movere
703 2190 762 2235 tum
792 2186 850 2240 tus!
963 2184 999 2232 20

209 2248 303 2305 Iibera
313 2266 362 2319 per
372 2266 486 2304 vacuum
497 2251 578 2319 posui*
585 2251 698 2319 vestigia
710 2251 800 2320 princs
820 2269 842 2317 s,

209 2317 270 2372 Non
281 2318 369 2373 aliena
379 2336 437 2373 mcc
449 2320 530 2390 pressi
541 2316 616 2388 pede.
651 2320 707 2381 Qui
719 2320 769 2372 sibi
780 2268 849 2387 fiirt,

209 2386 273 2439 Dux
284 2388 355 2455 regit
365 2404 483 2441 examen
519 2388 609 2442 Parios
621 2406 670 2457 ego
681 2389 783 2458 primus
795 2388 895 2441 iambos

210 2455 320 2508 Ostendi
331 2455 415 2522 latio,
426 2473 548 2509 numeros
560 2457 713 2526 animosque
726 2464 853 2525 sequutus

209 2523 368 2588 Archilochi,
379 2538 433 2576 non
444 2542 485 2577 res
497 2531 525 2577 et
536 2526 644 2592 agentia
656 2527 735 2579 verba
748 2525 904 2595 Lycamben.

209 2594 249 2645 Ac
261 2609 294 2646 ne
306 2608 349 2645 me
360 2592 431 2644 foliis
442 2592 502 2645 idac
513 2592 679 2647 brevioribus
691 2611 774 2662 ornes,

210 2662 286 2725 Quod
298 2661 378 2716 timui
389 2666 493 2713 mutare
504 2661 594 2713 modos
607 2668 635 2714 ct
646 2662 770 2715 carminis
782 2668 875 2727 artem,
931 2680 933 2683 ·
986 2676 988 2683 “

210 2729 349 2799 Temperat
361 2729 514 2783 Archilochi
525 2729 633 2781 Musam
643 2730 710 2799 pede
721 2732 839 2785 mascula
851 2730 964 2802 Sappho,

210 2797 350 2868 Temperat
361 2798 472 2867 Alcseus,
485 2797 531 2851 ssd
542 2797 620 2851 rebus
632 2805 659 2852 et
671 2799 762 2853 ordine
775 2800 870 2870 dispar,
