2409 3317
247 284 298 341 158
527 292 530 299 '
557 278 713 335 notem

243 376 331 458 Dives,
342 390 426 459 inops,
435 387 525 441 Romae
536 403 583 440 seu
591 387 645 440 sors
655 387 696 439 ite
703 386 819 455 jusserit,
832 389 908 442 exsul
919 408 927 453 ;

245 460 371 541 Quisquis
382 458 432 512 erit
443 457 506 511 vitoe
518 455 630 508 scribom
641 454 735 508 color.”
758 455 804 509 “0
816 473 889 525 puer,
901 465 934 513 ut
946 463 986 513 sis
1004 464 1041 513 60

245 529 349 595 Vituhs,
359 533 448 580 metuo
460 531 488 579 et
498 527 628 594 majorum
635 541 671 577 ne
681 523 741 593 quis
750 525 852 578 amicus

243 598 352 666 Frigore
364 602 391 649 te
402 593 504 649 ferist.”
534 595 548 621 ‘⁴
556 592 637 661 Quid,
649 610 731 661 quum
742 600 783 646 est
794 593 913 647 Lucilius
924 611 1012 649 susus

244 666 349 718 Primus
360 666 389 718 in
400 665 472 719 hunc
484 666 568 735 operis
580 680 733 733 componere
744 664 861 718 cerminn
871 681 981 731 morem,

243 734 388 787 Detrahere
399 739 427 788 et
437 734 541 803 pellem,
551 732 655 787 nitidus
666 750 720 801 que
730 732 841 801 quisque
851 750 899 803 pet
910 750 957 786 ore

245 802 361 869 (lederet,
373 803 515 857 introrsum
526 802 619 870 turpis,
625 818 696 868 ,num
708 801 804 854 Inlius
815 808 864 854 sut
876 802 922 870 qui

245 871 334 924 Duxit
345 871 379 924 eb
390 889 512 940 oppresse
523 870 648 923 meritum
659 868 818 937 Carthagine
829 887 932 936 nomen,

244 939 356 1008 Ingenio
367 940 459 993 offensi
471 946 518 992 eut
530 939 591 991 lseso
603 937 709 991 doluere
721 936 829 991 Metello

244 1008 413 1077 Femosiswe
425 1008 499 1089 Lupo
511 1012 631 1075 cooperto
643 1006 777 1059 retribuet
813 1006 896 1075 utqui

245 1075 374 1129 Primores
386 1077 477 1146 popuh
489 1075 601 1157 erripuit
612 1074 792 1144 populumque
803 1075 932 1142 tributim,

244 1144 350 1198 Scilicet
362 1145 410 1197 uni
423 1161 513 1212 aequus
524 1144 620 1196 virtuti
631 1149 712 1211 etque
724 1146 781 1212 ejus
792 1144 890 1197 amicis.
1003 1146 1041 1197 70

245 1212 316 1276 Quin
328 1213 374 1265 ubi
386 1230 413 1265 se
425 1229 441 1265 e
452 1212 533 1280 vulgo
545 1218 572 1264 et
584 1228 662 1264 scene
673 1212 702 1264 in
714 1218 814 1265 secrete
823 1214 955 1265 remorant

244 1280 336 1334 Virtus
348 1280 476 1349 Scipiedae
489 1277 600 1334 et'mitis
613 1280 743 1361 sapientie
753 1280 828 1347 Iseli,

244 1348 346 1419 Nuguri
357 1366 419 1403 cum
430 1348 477 1401 illo
488 1354 515 1402 et
526 1348 650 1401 discincti
661 1347 759 1415 ludere,
772 1348 854 1402 donec
911 1409 914 1413 A

243 1417 440 1487 Decoqueretnr
451 1418 516 1484 olus,
525 1417 603 1470 soliti.
634 1416 767 1485 Quidquid
779 1434 838 1469 sum
849 1434 905 1485 ego,
914 1417 1040 1485 quemvis

244 1485 319 1539 Infra
330 1487 416 1540 Irueili
430 1502 537 1540 censum
548 1485 685 1553 ingenium
704 1502 745 1551 ue,
757 1491 847 1538 temen
859 1502 901 1538 me

244 1554 311 1609 Cum
322 1555 425 1624 magnis
436 1555 532 1609 vixisse
545 1554 631 1625 invite
642 1553 698 1606 fote
715 1553 771 1605 itur
782 1571 864 1623 usque

245 1622 350 1677 invidie
362 1629 390 1677 et
400 1624 490 1691 fragili
501 1639 621 1692 querens
632 1621 735 1674 illidere
746 1622 852 1675 dentem

245 1692 366 1744 Offendet
378 1692 466 1757 solido,
478 1691 531 1743 nisi
543 1690 607 1759 quid
618 1694 657 1756 tu,
670 1690 746 1742 docte
757 1690 871 1758 Trebati,

246 1760 400 1815 Dissentis.”
436 1759 589 1827 “Equidem
601 1760 670 1811 nihil
680 1759 743 1812 hinc
755 1759 906 1815 diffindere·
916 1780 1035 1832 possum.

247 1830 299 1883 Sed
310 1835 400 1882 temen
411 1832 443 1879 ut
454 1828 570 1879 monitus
582 1844 681 1896 cereus,
692 1845 726 1881 ne
737 1828 806 1881 forte
814 1831 905 1899 negoti
999 1840 1036 1887 80

248 1898 368 1951 incutiet
379 1895 429 1948 tibi
438 1896 502 1964 quid
514 1900 667 1949 sanctarum
676 1896 783 1950 inscitie
793 1897 896 1965 legum:

248 1966 277 2020 si
287 1966 358 2018 mele
370 1964 515 2020 condiderit
526 1965 555 2017 in
567 1982 646 2033 quem
658 1967 717 2033 quis
729 1967 852 2035 carmine,
866 1971 957 2023 'usest

249 2035 269 2089 J
269 2034 464 2103 adiciamque?
494 2035 508 2061 ‘⁴
517 2034 587 2100 licto,
599 2034 622 2105 si
634 2034 693 2103 quis
704 2034 789 2098 mela3
806 2036 851 2087 sed
895 2036 931 2090 ne
943 2038 1037 2107 siquis

249 2104 270 2158 J
270 2104 347 2157 udice
358 2103 504 2185 condiderit
515 2103 640 2156 laudatus
652 2102 776 2185 licetret
793 2104 816 2185 si
827 2105 897 2196 quiq⁸

251 2171 881 2305 lusluiuuttuureus'

550 2418 678 2473 suunt
697 2418 734 2473 II.

245 2519 312 2584 Qun
324 2521 408 2573 virtus
420 2526 447 2574 et
461 2526 567 2588 quante,
579 2508 653 2584 boni
662 2518 697 2570 sit
708 2518 796 2571 rivere
807 2510 936 2587 pervor-

244 2588 299 2640 Nee
310 2605 384 2641 meus
396 2589 440 2640 hic
452 2605 535 2640 sermo
547 2592 594 2653 est,
607 2586 652 2639 sed
665 2602 723 2653 quae
734 2604 818 2654 praece
836 2587 859 2649 it
871 2586 957 2639 Ofello

244 2656 377 2721 Rusticus,
389 2656 519 2707 abnormis
531 2655 635 2721 sepiens
647 2670 785 2721 mesenque
808 2714 810 2718 .
829 2656 969 2718 inerve3—

244 2722 343 2775 Discite
355 2740 408 2774 non
420 2722 490 2774 iuter
501 2721 588 2774 leucos
600 2728 754 2788 mensesque
765 2722 887 2789 nitentes,
904 2776 909 2787 ,

515 2812 517 2815 ’
574 2806 704 2856 ⁸‹riurngm
887 2826 891 2830 -
