2409 3317
467 394 535 447 Ans
553 393 711 448 Polemon.
749 418 750 423 ¹
932 398 984 445 243

201 492 265 545 Rem
277 493 328 545 tibi
339 492 478 546 Socration
489 499 613 562 poterunt
624 493 759 546 ostendere
771 491 879 560 churtae,
935 495 988 545 310

201 561 337 629 Verbaque
349 562 479 629 provisam
490 579 546 614 rem
557 579 610 614 non
622 562 708 615 invite
764 566 867 614 nentur.

201 629 252 693 Qui
264 629 365 696 didicit,
378 630 471 698 petrice
483 630 547 699 quid
559 630 653 683 debeat
664 636 692 682 et
703 630 749 698 qui
767 630 878 696 'emiciq

201 697 257 761 Quo
269 698 304 751 sit
315 715 403 751 emere
415 716 515 767 parens,
527 716 579 768 qno
590 698 673 752 freter
684 699 812 752 emendus
824 704 852 751 et
864 698 964 767 hospes,

201 765 276 829 Quod
287 767 322 819 sit
334 767 482 836 conscripti,
494 768 564 835 qued
573 766 672 835 judicis
684 764 806 835 officium,
820 784 879 837 quse

201 833 292 888 Partes
303 836 332 888 in
343 834 442 888 bellurn
453 836 525 888 missi
537 835 618 903 ducis,
630 834 676 889 ilie
688 836 803 904 profecto

202 903 319 957 Reddere
329 920 446 973 personne
457 904 508 957 scit
518 905 702 958 convenientis
713 905 757 957 cui
775 922 814 958 ue.

202 972 338 1041 Respicere
349 972 484 1041 exemplar
495 972 557 1025 vitu
568 989 722 1040 morumque
730 975 761 1042 ju
794 972 827 1026 be

200 1040 314 1093 Doctum
325 1040 485 1094 imitatorem
496 1046 524 1093 et
535 1041 609 1094 vives
620 1040 683 1093 hinc
695 1041 789 1095 ducere
801 1058 882 1094 voces.

202 1108 339 1161 Interdum
351 1108 466 1177 speciose
476 1107 539 1161 locis
549 1114 703 1177 morataque
714 1116 784 1163 recte

203 1176 302 1230 rabula
312 1177 412 1229 nullius
424 1177 540 1245 Veneris,
551 1176 608 1229 sine
620 1178 732 1244 pendere
743 1184 771 1231 et
782 1184 845 1245 erte,
937 1181 988 1233 320

202 1244 312 1297 valdius
323 1245 438 1299 oblectet
448 1246 574 1315 populum
585 1246 730 1315 meliusque
741 1253 859 1300 moretur

202 1314 287 1377 Quem
298 1331 388 1367 versus
399 1314 488 1383 inopes
499 1330 587 1367 rerum
597 1331 727 1383 nugteque
738 1328 845 1368 cenorae.

202 1381 286 1435 Graiis
297 1382 442 1451 ingenium,
455 1383 539 1436 Graiis
551 1383 625 1435 dedit
636 1400 680 1436 cre
691 1383 803 1436 rotundo

202 1449 280 1503 Musa
290 1450 378 1519 lcqni;
391 1457 490 1532 prester
500 1451 606 1503 laudem
617 1451 716 1503 nullius
728 1452 820 1505 everis.

202 1517 315 1572 Romani
325 1536 400 1601 pueri
411 1519 497 1586 longis
507 1519 653 1572 rationibus
664 1536 748 1572 essem

202 1586 316 1639 Discunt
327 1604 355 1639 m
367 1596 454 1655 pmtes
465 1592 572 1640 centum
583 1587 714 1641 diducere.
749 1587 829 1641 Dicet

165 1663 170 1673 '
202 1651 286 1705 Filius
298 1652 395 1719 Albini,
407 1652 458 1705 “si
471 1652 504 1706 ds
514 1654 663 1742 quincunce
673 1658 773 1705 remote
785 1659 824 1705 est

207 1721 367 1789 Uncis,quid
377 1720 519 1789 superetli
537 1721 644 1775 Poteras
653 1722 757 1788 dixisse,
765 1723 779 1749 ‘¹
785 1722 897 1775 Triens.'’
912 1722 987 1779 “nui

204 1790 269 1842 Rem
281 1790 378 1858 poteris
389 1806 492 1844 servare
503 1796 585 1849 tuem.
621 1790 700 1844 Redit
711 1790 797 1857 uncis,
810 1790 875 1859 quid
884 1790 915 1844 fit
925 1790 952 1844 1”

202 1859 218 1885 “
228 1857 334 1912 Semis''
369 1858 406 1911 At
419 1858 476 1912 haec
488 1858 588 1912 enimes
600 1875 688 1927 aerugo
700 1866 728 1912 et
740 1877 802 1913 curn
811 1860 901 1977 peculi
936 1862 988 1913 330

203 1925 292 1990 Quum
304 1926 384 1980 semel
394 1925 525 1991 imbuerit,
537 1942 672 1994 speremus
684 1925 800 1978 carmine
830 1942 877 1992 ngr

203 1994 283 2048 Posse
293 1993 402 2047 linenda
412 1994 489 2047 eedrc
500 1999 528 2046 et
539 1994 592 2046 leri
602 1994 733 2047 servsnde
744 1992 882 2062 cupressci

203 2066 259 2115 Ant
270 2062 390 2131 prodesse
401 2062 494 2115 volunt
505 2067 553 2115 cut
564 2061 694 2114 delectere
706 2063 801 2129 poetic,

203 2131 260 2183 Aut
272 2130 350 2183 simul
362 2135 390 2183 et
397 2130 518 2197 jucunde
529 2136 557 2182 et
567 2130 662 2182 idonee
674 2130 759 2182 dicere
770 2130 839 2183 vitae.

204 2198 338 2267 Quidquid
351 2197 493 2266 praecipies,
505 2203 560 2250 este
572 2198 666 2264 brevis,
679 2204 710 2250 ut
721 2197 773 2250 cito
786 2198 858 2250 dicte

204 2266 359 2335 Percipient
369 2266 452 2318 enimi
464 2266 560 2319 dociles
571 2271 731 2334 teneantque
742 2266 846 2329 fideles3

205 2334 289 2388 Omne
300 2351 332 2388 su
426 2351 492 2387 uum
503 2334 580 2403 pleno
592 2334 740 2403 depectere
751 2339 849 2387 menet.

205 2403 282 2458 Ficts
293 2420 327 2457 rc
337 2403 438 2471 uptstis
449 2420 528 2455 ceuse
539 2403 593 2456 sint
605 2402 724 2471 proxime
736 2403 811 2470 veris,

205 2472 261 2525 Nec
272 2472 449 2540 quodcunque
459 2470 538 2539 volet,
550 2476 641 2540 poscet
653 2469 702 2523 sibi
713 2471 804 2524 fabule
815 2470 893 2537 credi,

205 2540 264 2593 Neu
276 2556 378 2609 prensis
390 2540 487 2594 Inmin
499 2540 591 2595 rivum
602 2556 714 2608 puerum
724 2540 847 2594 extrshst
859 2538 925 2592 else.
943 2541 994 2591 340

206 2608 337 2662 Centuriae
349 2610 481 2663 seniorum
491 2609 597 2677 agitent
609 2608 728 2677 expertis
739 2608 831 2676 frugis,

206 2677 275 2729 Celsi
286 2684 446 2747 praetereunt
457 2684 564 2731 austere
574 2679 697 2747 poemate
709 2677 855 2730 Rhamnes:

207 2746 292 2799 Omne
303 2746 368 2799 tulit
399 2752 516 2813 unctum,
528 2746 575 2815 qui
586 2746 693 2798 miscuit
705 2746 770 2799 utile
782 2744 854 2797 dulci

207 2814 344 2868 hectorem
355 2764 509 2868 ddectemdc
520 2815 669 2883 periterque
681 2814 824 2877 monend0;

547 2916 554 2942 ¹
563 2920 658 2967 superest
