2409 3317
427 315 646 415 ¹sarriuntur
666 358 707 413 11.
725 361 751 413 e.
854 362 857 369 ·
939 360 989 412 18⁷

203 456 319 511 Stridore
331 465 430 526 senata
442 459 539 513 divisoe
550 476 614 514 aure
626 459 765 511 susurros.”

162 590 174 607 ο
203 526 250 579 “N
251 526 319 579 ullos
331 527 373 580 his
383 528 491 581 mallem
503 528 578 583 ludos
590 533 719 597 spectasse
732 545 739 591 ;
757 526 802 579 sed
814 524 862 580 illa

203 594 294 649 Redde
340 613 429 664 aqua
442 598 565 667 deinceps
576 596 682 651 risisti.'’
707 595 852 649 “Vibidius
863 593 928 648 dum
957 595 992 647 80

202 666 302 729 Quaerit
332 665 453 735 epueris‚
465 683 531 718 num
543 666 577 718 sit
590 682 693 735 quoque
705 666 791 718 fracta
803 663 906 733 lagena,

202 734 277 799 Quod
289 732 339 787 sibi
350 735 467 803 poscenti
478 751 531 787 nou
544 734 642 788 dantur
653 734 754 803 pocula,
766 733 883 803 dumque

202 803 316 856 Ridetur
326 803 396 856 fictis
406 821 502 870 rarum,
514 803 656 856 Balatrone
669 802 791 869 secundo,

202 872 351 939 Nasidiene,
362 872 432 925 redis
443 877 554 926 mutatae
565 872 666 939 frontis,
678 878 711 925 ut
722 876 779 925 arte

201 941 398 994 Emendaturus
409 941 558 1004 fortunam
576 940 672 993 demde
684 939 790 1009 sequuti

202 1010 357 1063 Maacnomo
369 1009 445 1079 pueri
456 1026 552 1077 magne
564 1009 695 1078 discerpta
706 1010 821 1063 ferentes

203 1078 326 1132 Membra
337 1078 410 1146 gruis
422 1078 505 1159 sparci
517 1077 570 1131 sale
581 1078 674 1144 multo,
687 1095 740 1131 non
752 1078 808 1131 sine
819 1076 888 1130 farre
895 1094 903 1141 3

203 1146 350 1216 Pinguibus
362 1153 389 1200 et
400 1146 457 1199 ficis
468 1152 573 1217 paetum
581 1148 657 1215 jecur
669 1147 767 1200 anseris
779 1146 846 1199 alba

202 1216 238 1269 Idt
250 1217 369 1285 leporum
380 1216 491 1278 auulsas,
504 1221 535 1268 ut
546 1216 635 1269 multo
647 1216 760 1283 suarius,
772 1231 864 1282 umes,

204 1284 289 1349 Quam
301 1286 324 1337 si
333 1302 394 1338 cum
405 1284 502 1339 lumbis
511 1286 570 1353 quis
582 1284 653 1349 edit;
670 1289 728 1338 tum
740 1291 844 1355 pectore
853 1282 947 1335 aduste
960 1283 995 1335 90

204 1353 326 1406 Vidimus
337 1362 365 1406 et
376 1354 490 1406 merulas
502 1354 565 1423 peni
577 1359 604 1406 et
617 1353 672 1406 sine
684 1353 761 1411 clune
774 1351 925 1422 palumbes;

204 1421 302 1475 Suaves
313 1438 361 1487 res,
373 1423 396 1473 si
407 1438 460 1473 non
472 1438 564 1474 causas
575 1428 695 1474 narraret
706 1439 797 1474 earum
808 1427 836 1472 et

204 1490 320 1543 Naturae
332 1489 467 1553 domiuus;
485 1506 563 1557 quern
574 1506 621 1541 nos
634 1490 671 1541 sic
682 1490 799 1558 fugimus
810 1487 870 1555 ulti,

205 1560 243 1612 Ut
255 1558 322 1610 nihil
333 1558 440 1611 omnino
451 1563 624 1625 gustaremus,
637 1558 710 1611 velut
721 1558 775 1610 illis

205 1627 315 1683 Canidia
326 1626 440 1681 afflasset
451 1627 524 1697 pejor
535 1625 699 1695 serpentibus
711 1619 807 1681 Afria”
