2409 3317
232 392 283 445 222
545 391 704 449 HORATII

230 490 316 562 coepit
328 497 355 545 et
367 488 397 543 in
408 490 505 545 vitium
514 488 624 543 fortuna
635 488 717 543 labier
730 504 814 558 reque,

230 559 256 611 N
257 577 309 613 unc
321 560 484 614 athletamm
497 558 600 627 studiis,
612 575 683 612 nunc
695 559 759 612 arsit
772 572 906 627 equorum,

231 628 373 682 Marmoris
385 634 433 681 eut
445 626 529 682 eboris
539 626 628 680 fabros
639 633 688 681 aut
699 628 757 680 aeris
768 627 876 693 amavit,

231 697 374 767 Suspendit
385 696 459 779 picta
469 695 577 750 vultum
588 702 757 765 mentemque
768 695 873 762 tabella,

233 766 312 819 Nunc
324 765 464 819 tibicinibu
497 781 570 818 nunc
581 771 622 818 est
668 766 724 818 visa
736 772 778 819 tra
796 765 876 828 oedis;

230 835 285 888 Sub
297 835 401 888 nutrice
413 852 465 905 pue
513 834 589 889 velut
600 834 623 887 si
646 833 738 887 uderet
750 836 759 886 i
790 850 845 901 ens,
1009 864 1012 875 ·

230 904 307 969 Quod
318 904 415 974 cupide
426 904 513 974 petiit,
524 909 628 957 mature
640 903 719 972 plene
731 902 845 972 reliquit.
975 904 1027 953 100

230 974 300 1038 Quid
313 973 401 1043 placet
412 979 460 1027 aut
471 972 531 1026 odio
542 979 590 1040 est,
602 970 674 1041 quod
685 989 739 1025 non
750 970 880 1025 mutabile
892 971 999 1025 credssl

230 1041 288 1095 Hoc
300 1059 378 1111 paces
389 1041 504 1096 habuere
515 1041 589 1095 bene
600 1040 727 1111 ventique
738 1040 853 1095 secundi

230 1110 320 1163 Rome
332 1111 410 1164 dulce
422 1110 468 1164 diu
478 1110 533 1164 fuit
544 1115 572 1164 et
583 1110 708 1163 sollemne
720 1110 822 1163 reclusa

229 1178 310 1233 Mane
322 1180 399 1232 domo
429 1179 436 1193 '
457 1180 464 1192 '
493 1243 497 1249 Δ
521 1218 528 1246 ,
540 1179 632 1232 clienti
643 1196 761 1248 promere
768 1181 840 1249 jura,

230 1248 326 1301 Cautes
338 1265 358 1301 n
401 1248 408 1260 '
430 1248 437 1261 ⁸
499 1248 579 1301 rectis
590 1248 738 1317 expendere
749 1264 877 1316 nummos,

230 1316 344 1387 Majores
355 1314 455 1384 audire,
466 1316 562 1370 minori
574 1316 668 1385 dicere,
681 1334 728 1387 per
739 1334 798 1386 quoe

230 1387 350 1440 Crescere
361 1404 402 1440 res
414 1391 508 1457 posset,
519 1386 607 1439 minui
618 1386 743 1441 damnosa
755 1386 843 1440 libido.

229 1455 349 1509 Mutavit
360 1462 477 1509 mentem
488 1454 602 1525 populus
614 1455 680 1509 levis
692 1463 720 1508 et
732 1455 801 1508 celet
812 1470 868 1507 uno

230 1524 367 1579 scribendi
379 1525 481 1590 studi03
498 1524 574 1595 pueri
586 1531 726 1595 patresque
738 1524 820 1577 severi

231 1593 334 1648 Fronde
346 1611 434 1649 comas
445 1594 530 1648 vincti
541 1599 647 1647 coenent
659 1598 686 1647 et
698 1594 814 1646 carmine
826 1592 935 1646 dictent.
973 1597 1024 1645 110

231 1663 291 1731 lpse
303 1681 358 1733 ego,
387 1664 418 1717 ui
428 1662 517 1717 nullos
528 1679 571 1717 me
582 1662 692 1717 adfirmo
705 1662 924 1730 summovemus,

231 1731 356 1788 Iuvenior
366 1681 474 1786 ianuis
485 1732 637 1785 mendacior
647 1738 675 1785 et
686 1733 760 1801 prius
772 1739 829 1785 orto

230 1799 289 1853 Sole
301 1800 367 1869 vigil
379 1802 511 1854 calamum
522 1809 550 1854 et
562 1801 667 1855 chartas
679 1806 707 1854 et
719 1800 815 1855 scrinia
826 1816 909 1870 posco.

230 1868 328 1921 Navim
339 1886 416 1937 agere
428 1869 536 1951 ignarus
547 1870 624 1922 navis
635 1870 729 1935 timet;
746 1870 901 1924 abrotonum
915 1884 983 1939 aegro

230 1936 290 1989 Non
299 1936 388 2004 audet,
397 1938 449 1991 nisr
460 1938 506 2019 qni
515 1936 617 2007 didicit,
626 1938 705 2004 ἀει-ες
759 1938 792 1993 od
803 1940 963 1993 medicorum
975 1947 1021 2005 est,

230 2004 395 2059 Promittant
406 2007 517 2073 medici3
533 2012 653 2061 tractant
664 2008 732 2061 fabri
745 2008 752 2023 '
780 2007 863 2061 febri:

230 2074 373 2129 Scribimus
383 2076 485 2130 indocti
496 2077 619 2147 doctique
631 2080 754 2147 podmata
765 2078 869 2147 passim

231 2144 284 2198 Hic
296 2163 366 2199 error
377 2152 467 2200 tamen
479 2153 506 2200 et
517 2146 583 2200 levis
595 2146 654 2199 hoec
664 2146 768 2199 insanis
780 2154 892 2215 quantas

231 2211 350 2268 Virtutes
362 2214 466 2284 habeat,
479 2214 517 2269 sic
528 2216 635 2285 collige:
653 2216 722 2268 vatis
734 2232 829 2268 evanue
972 2218 1021 2269 119

230 2282 290 2335 Non
299 2292 396 2337 temere
405 2291 445 2338 est
454 2284 572 2351 enimus3
584 2302 674 2339 emens
682 2290 763 2352 amat,
770 2284 820 2337 hoc
829 2284 919 2339 studet
926 2302 1008 2338 unum
1014 2304 1021 2348 ;

230 2351 404 2421 Detrimenta‚
416 2354 494 2423 fugas
506 2370 646 2422 servorum,
658 2352 781 2407 incendia
792 2354 862 2407 ridet
869 2374 876 2421 ς

230 2419 290 2473 Non
302 2421 422 2475 fraudem
434 2424 503 2477 socio
514 2440 628 2493 puerove
640 2423 769 2491 incogitat
781 2422 863 2476 ullam

230 2487 271 2541 Pu
291 2488 337 2542 illo
344 2508 352 2553 ;
369 2491 438 2545 vivit
450 2492 552 2560 siliquis
564 2499 592 2545 et
603 2508 672 2562 pane
684 2490 813 2557 secumdo;

230 2556 268 2609 Μ’
281 2558 335 2611 itiae
348 2573 508 2628 quamquam
519 2560 595 2629 piger
607 2566 635 2613 et
645 2560 739 2628 mulus,
751 2560 826 2614 utilis
837 2561 905 2629 urbi,

229 2627 258 2679 Si
270 2627 317 2680 das
329 2626 385 2694 hoc,
397 2629 485 2696 parvis
514 2645 600 2698 noque
611 2628 689 2681 rebus
700 2646 798 2698 magna
806 2630 904 2699 juvari

230 2696 265 2746 Os
278 2702 399 2749 tenerunn
429 2697 488 2749 ueri
541 2696 659 2765 bnmque
671 2701 750 2767 poeta
761 2698 868 2767 figurat,

229 2762 344 2831 Torquet
355 2764 389 2817 ab
401 2782 416 2817 ο
485 2766 526 2819 nis
534 2767 593 2834 jam
604 2782 677 2818 nunc
689 2768 850 2821 sermonibus
861 2784 960 2837 aurem,

229 2829 295 2884 Mox
307 2834 388 2885 etiam
400 2839 492 2902 pectus
558 2834 642 2903 ceptis
653 2834 751 2887 format
762 2836 861 2905 amicis,

230 2900 386 2967 Asperitatis
398 2907 425 2955 et
436 2902 493 2957 invi
514 2904 520 2917 '
556 2909 685 2957 corrector
696 2910 724 2956 et
735 2902 787 2971 tre,
824 2944 826 2950 ,
