2409 3317
258 358 304 407 itii
573 350 727 404 nouum

254 452 359 505 (luscum
371 452 434 520 egit,
446 450 571 504 insenum
584 449 723 571 Ghrpsippi
735 449 851 519 perticus
862 457 890 502 et
901 466 971 519 grex

254 521 392 574 Autumni.
428 520 493 573 Haec
505 518 623 589 populos,
654 536 691 571 mc
702 536 811 586 magnos
823 518 937 573 formula
947 536 1040 589 reges,

255 590 372 658 Excepto
385 589 511 658 sapiente,
523 594 604 642 tenet,
639 588 666 641 N
666 604 718 640 une
729 588 828 669 recipe,
840 604 923 656 quere

254 659 393 727 Desipient
405 675 494 711 omnes
507 675 580 726 aeque
592 674 624 710 se
636 662 675 724 tu,
687 656 734 725 qui
744 656 796 709 tibr
807 673 903 709 nemen

255 728 351 780 Insano
363 744 478 796 posuere.
515 726 596 781 Velut
608 726 688 793 silvis,
700 724 747 778 ubi
819 726 825 738 '

255 796 379 849 Pslsntes
392 814 461 849 error
473 802 543 849 certe
556 796 589 848 de
600 794 707 848 tremite
718 743 856 863 poprium

256 866 306 918 Ille
316 866 500 933 sinistrorsum,
509 866 552 918 hic
560 865 726 917 dextrorsum
735 861 806 927 ebit3
817 880 888 916 unns
896 864 1008 933 umique
1017 868 1061 919 60

255 935 341 1002 Error,
355 935 398 987 sed
411 936 491 988 veniis
502 933 593 986 illudit
667 932 739 996 'bus;
757 932 807 985 hoc
818 937 846 985 te

255 1004 336 1056 Crede
348 1004 424 1057 modo
436 1004 567 1070 insenum,
599 1002 606 1014 '
629 1002 635 1014 ‘
647 1019 663 1055 ο
675 1008 707 1054 ut
719 1002 862 1122 sshpsientior
872 1001 926 1069 ille,

256 1074 308 1137 Qui
319 1079 347 1125 te
359 1072 467 1138 deridet,
481 1072 593 1125 cendum
604 1071 701 1124 truhnt.
773 1074 786 1123 t
796 1087 881 1138 genus
892 1087 979 1123 unum

256 1141 382 1194 Stultitiae
395 1142 509 1193 nihilum
519 1140 662 1193 metuende
674 1140 801 1206 timentis,
814 1145 844 1192 ut
855 1140 937 1208 ignes,

257 1210 294 1262 Ut
306 1227 383 1278 rupes
395 1210 539 1278 fluviosque
551 1209 579 1261 in
592 1208 689 1277 Oempo
701 1207 804 1261 obstare
815 1215 956 1276 querutum

255 1279 378 1331 Alterum
389 1284 417 1331 et
429 1278 491 1331 huic
503 1295 596 1331 verum
608 1283 636 1330 et
647 1278 731 1329 nihile
743 1276 887 1345 sapientius
898 1277 975 1345 ignes

256 1347 306 1401 Per
317 1348 417 1401 medios
429 1347 573 1417 fluviosque
585 1347 702 1410 ruentis3
720 1346 817 1399 elamet
828 1347 914 1399 emice

255 1416 350 1483 Meter,
362 1418 473 1470 honesta
485 1434 555 1470 soror
566 1434 626 1469 cum
639 1415 764 1484 cognatis,
776 1421 858 1483 peter,
871 1432 952 1468 uxor:

258 1485 329 1539 “Hic
341 1485 409 1538 fosse
419 1490 458 1538 est
467 1485 574 1552 ingens!
593 1484 637 1536 hic
646 1501 725 1551 rupes
736 1485 867 1538 maxims!
887 1487 1054 1552 servs!”-;

255 1551 316 1605 Non
327 1552 412 1619 magis
425 1551 538 1605 audierit
550 1567 629 1619 quem
642 1549 733 1601 Fufius
745 1549 831 1601 ebrius
842 1550 913 1617 elim,
1013 1555 1053 1604 60

257 1621 344 1684 Quum
357 1620 469 1673 Iliensm
482 1619 600 1685 edormit,
614 1618 729 1671 Catienis
740 1618 814 1671 mille
826 1619 953 1685 ducentis,

256 1689 270 1715 “
279 1689 373 1754 Meter,
387 1694 413 1741 te
425 1688 552 1757 appell0‚’·'
565 1685 748 1740 clementibus.
784 1687 856 1740 Huic
867 1704 916 1756 ege
927 1687 1025 1757 vulgus

256 1757 344 1809 Emori
356 1757 468 1810 similem
480 1762 607 1809 cunctum
619 1756 734 1809 insanire
745 1755 849 1809 docebo.

256 1825 360 1877 Insanit
372 1831 471 1877 veteres
484 1829 585 1877 statues
597 1824 774 1894 Damasippus
785 1826 910 1890 emend03

256 1894 363 1961 Integer
375 1898 414 1946 est
426 1894 522 1946 mentis
534 1893 689 1963 Demssippi
701 1894 819 1947 creditor.
831 1895 944 1949 -Estei

255 1962 376 2029 “Accipe
388 1962 457 2030 quod
469 1979 604 2032 nunquam
616 1963 710 2016 reddas
721 1962 812 2030 mihi,”
825 1963 847 2016 si
859 1963 909 2016 tibi
920 1964 1014 2030 dinem,

256 2031 330 2085 Tune
342 2032 450 2084 insanus
462 2032 520 2100 eris,
533 2032 555 2084 si
566 2031 713 2100 acceperisl
731 2048 767 2083 sn
778 2032 863 2099 magis
875 2050 971 2100 excors,

256 2100 365 2171 Rejectn
376 2101 472 2170 praede,
502 2118 564 2154 uem
575 2117 690 2170 praesens
702 2100 849 2153 Mercurius
860 2101 931 2154 ferti

256 2170 344 2223 Scribe
357 2170 446 2224 decem
458 2189 474 2224 s
512 2171 565 2223 erio
572 2189 579 2234 ;
597 2175 702 2222 nonest
714 2170 791 2222 setis:
809 2170 876 2223 sdde
889 2170 988 2223 (licutae

255 2239 281 2291 N
281 2241 353 2293 odosi
365 2241 469 2303 tabulas
482 2246 596 2307 centum,
609 2238 682 2290 mille
693 2238 761 2290 adde
773 2244 892 2292 catenes:
1012 2243 1048 2293 70

255 2308 371 2377 Effugiet
383 2316 473 2362 tamen
485 2309 542 2361 haec
554 2308 695 2360 sceleratus
707 2307 814 2360 vineule
825 2308 936 2360 Proteus

256 2378 344 2441 Quum
356 2379 441 2447 rapies
453 2378 482 2428 in
490 2380 535 2444 jus
547 2377 625 2428 melis
636 2376 766 2428 ridentem
778 2376 878 2444 alienis,

255 2446 338 2499 Ficta
358 2464 392 2512 er,
399 2445 476 2498 medo
483 2446 546 2512 svis,
553 2445 631 2497 modo
640 2462 733 2497 sexum
742 2451 776 2510 et,
784 2462 866 2514 quum
875 2444 954 2512 volet,
962 2445 1050 2501 arbor.

255 2514 283 2567 si
295 2464 364 2567 mele
375 2517 431 2566 rem
442 2530 531 2581 gerere
543 2514 631 2567 insani
642 2520 689 2577 est,
703 2519 794 2567 contre
804 2516 878 2581 bene,
891 2516 965 2579 seni3

256 2583 378 2636 Putidius
390 2583 474 2635 multo
487 2581 621 2635 cerebrum
633 2588 680 2648 est,
691 2582 758 2633 mihi
770 2584 853 2648 erede,
866 2582 964 2649 Perilli,

254 2652 394 2717 Distentis,
408 2650 477 2719 quod
489 2656 521 2702 tu
532 2668 670 2720 uunquam
681 2651 821 2704 rescribere
832 2652 921 2721 pessis

255 2720 355 2771 Audire
367 2724 447 2787 atque
459 2725 548 2785 togam
556 2720 637 2787 jubeo
649 2734 705 2768 cem
726 2732 810 2785 onere,
824 2720 942 2789 quisquis

255 2787 405 2839 Ambitione
417 2786 487 2839 mule
499 2792 546 2838 sut
558 2784 662 2853 urgenti
673 2734 756 2851 pallet
768 2802 862 2855 emere,

256 2854 379 2922 Quisquis
391 2854 498 2908 luxurie
510 2854 613 2908 tristive
624 2852 809 2920 supmstitiene
