2409 3317
366 784 650 875 ⁴uuonusu
678 808 852 867 snucc1

259 996 979 1093 EPISTULARUM

483 1160 591 1215 LIBER
609 1160 752 1214 PRIMUS.

549 1312 680 1330 m

369 1392 543 1452 uplsuoun
561 1396 657 1451 L-su
670 1415 857 1455 unsnnssnu.

223 1492 320 1547 Pausi
332 1484 403 1546 dicte
414 1492 489 1560 mihi,
500 1508 604 1546 summu
615 1492 726 1546 dicende
737 1492 858 1558 Camena,

223 1562 242 1615 S
319 1570 378 1615 tum
389 1562 453 1615 setis
465 1569 493 1616 et
504 1562 632 1615 donatum
640 1563 698 1630 jem
709 1562 774 1615 rude
786 1562 889 1630 quaeris,

223 1631 592 1753 nffiiidifflfiiii
601 1630 946 1753 iiddiffliffim

225 1767 349 1822 Herculis
360 1769 394 1821 ed
406 1775 508 1837 postem
516 1739 587 1835 dixis,
599 1769 666 1822 latet
678 1768 784 1821 abditus
796 1740 868 1837 md,

224 1836 251 1889 N
251 1855 266 1890 e
277 1837 405 1917 populum
416 1844 534 1889 extreme
546 1838 624 1891 toties
636 1844 726 1891 exoret
738 1854 825 1891 arens

225 1904 274 1959 Est
285 1905 352 1958 mshi
363 1912 503 1974 purgatam
516 1904 605 1958 erebro
617 1907 663 1975 qui
674 1913 795 1974 personet
807 1924 911 1959 aurem:

225 1973 302 2027 Solve
313 1981 491 2027 senescentem
501 1981 605 2027 metune
618 1992 697 2029 sanus
709 1992 814 2043 equum,
826 1993 860 2029 ne

225 2042 320 2097 Posset
332 2044 366 2097 ed
378 2049 524 2097 extremum
536 2044 662 2097 ridendus
674 2050 701 2097 et
713 2044 761 2097 ilis
772 2044 859 2097 ducet

224 2111 252 2166 N
252 2130 305 2168 unc
316 2113 407 2183 itaque
418 2121 446 2166 et
457 2130 546 2166 versus
558 2120 586 2166 et
597 2121 684 2167 cetere
695 2112 797 2166 ludiers
808 2129 884 2181 pono,
985 2116 1022 2165 10

226 2181 1021 2251 Quidverumetquedesenseuroetrogoetomnisinhocsum3

225 2252 314 2306 Ooudo
326 2259 353 2305 et
365 2269 499 2322 eompouo,
510 2269 569 2321 quoe
581 2268 644 2303 mox
655 2251 806 2320 depromere
817 2251 921 2319 possim.

225 2320 265 2375 Ae
277 2338 311 2374 ns
321 2323 390 2375 forte
400 2338 483 2389 roges,
495 2337 546 2388 qno
557 2337 600 2373 me
611 2320 686 2393 duee,
699 2334 751 2387 quo
762 2319 817 2371 lune
828 2326 913 2372 tuter:

225 2388 332 2443 Nullius
343 2390 465 2444 addictus
472 2392 563 2458 jurare
574 2390 603 2441 in
616 2388 695 2443 verbs
706 2388 834 2457 magistri,
912 2428 915 2435 f

228 2459 286 2523 Quo
297 2474 340 2510 me
351 2474 404 2511 eun
423 2475 456 2510 ue
467 2458 538 2525 rapit
550 2464 699 2527 tempestas,
711 2456 813 2510 deferor
824 2457 924 2525 hospes.

226 2525 253 2580 N
253 2543 306 2579 unc
318 2526 396 2594 egilis
404 2476 442 2579 do
454 2533 481 2579 et
491 2543 589 2579 mersor
601 2526 722 2579 civilibus
734 2526 821 2593 undis,

227 2595 342 2649 Virtutis
350 2612 421 2647 -verae
433 2600 521 2647 custos
532 2594 686 2664 rigidusque
698 2594 816 2659 satelles3

226 2663 254 2718 N
253 2681 305 2717 unc
317 2665 346 2717 in
357 2662 487 2732 Asistippi
497 2663 592 2715 furtim
603 2669 734 2731 praecepts
745 2663 854 2731 relabor,

228 2732 264 2786 Et
274 2732 342 2785 mihi
353 2749 401 2799 res,
413 2748 467 2784 non
477 2748 520 2784 me
531 2730 610 2783 rebus
622 2731 780 2800 subjungere
793 2748 878 2785 conor.

228 2801 266 2853 Ut
278 2818 331 2854 nox
342 2800 429 2869 longe,
441 2799 536 2869 quibus
546 2801 677 2855 mentitur
688 2800 779 2865 amics,
793 2800 899 2869 diesque
986 2803 1023 2853 20

228 2869 319 2937 Iunge
330 2869 435 2923 videtur
446 2884 511 2938 opus
523 2866 687 2935 debentibus,
699 2874 732 2920 ut
743 2867 819 2936 piger
831 2884 917 2921 sunus
