2409 3317
228 376 279 427 168
519 398 522 403 ·
540 371 697 427 HORA'PII

226 478 243 508 “
250 478 276 531 N
276 495 291 531 e
303 476 361 546 quis
373 475 495 529 humasse
506 474 571 528 velit
583 476 698 543 Ajacem,
711 471 812 541 Atrida,
824 478 898 528 vetas
910 492 959 529 cur
968 476 1000 533 i”

227 547 309 601 “Rex
318 547 401 600 sum.”
422 544 487 598 “Nil
499 544 571 597 ultre
583 560 670 613 quaero
682 542 823 612 plebeius.''
848 544 905 597 “Et
914 563 1026 617 aequam

228 616 294 669 Rem
307 615 446 684 imperit03
464 630 495 665 ac
507 613 529 666 si
541 613 585 665 cui
596 613 687 665 ridear
698 628 751 665 non
758 614 856 681 justus,
868 614 957 670 inulto

226 685 327 751 Dicere,
357 684 410 736 uod
423 683 511 749 sentit,
542 680 671 735 ermitto.’'
695 681 950 753 “Maximeregnm,
971 690 1025 739 190

228 755 265 807 ni
278 754 328 806 tibi
339 702 404 805 dent
416 757 519 819 captae
548 768 615 803 ssem
627 750 756 803 deducere
768 752 866 821 Troja!

227 823 296 892 Ergo
309 822 443 875 consulare
455 827 481 873 et
493 837 555 872 mox
567 820 722 888 respondere
733 820 824 874 licebit
834 822 859 875 l’'

227 895 242 923 ‘⁶
251 891 387 945 Consule.'’
422 893 437 919 “
445 890 497 943 Cur
509 891 586 958 Ajax,
599 889 674 943 heres
685 888 719 941 ab
732 889 835 944 Achille
846 893 986 961 secundus,

228 961 353 1028 Putescit,
366 960 443 1013 toties
455 960 563 1013 servatis
575 957 662 1011 clarus
674 958 789 1024 Achivis,

228 1030 347 1085 Gaudeat
358 1036 390 1082 ut
401 1028 514 1097 populns
527 1028 626 1080 Priami
638 1027 809 1099 Priamusque
820 1028 966 1096 inhumato,

227 1099 278 1152 Per
306 1116 367 1152 uem
379 1105 419 1151 tet
427 1101 538 1167 juvenes
550 1097 636 1165 patrio
648 1114 755 1150 caruere
766 1098 904 1166 sepulchro
913 1098 940 1151 l’'

226 1117 323 1221 “Mille
336 1168 425 1221 orium
437 1169 544 1219 insanus
556 1167 635 1218 morti
647 1165 728 1232 dedit,
741 1166 864 1219 inclitum
876 1167 975 1221 Ulixen

226 1238 261 1291 Et
273 1237 425 1291 Menelaum
437 1254 491 1288 una
503 1252 608 1288 mecum
620 1252 647 1288 se
659 1235 777 1288 occidere
789 1235 928 1288 clamans.”

225 1309 240 1335 “
250 1308 290 1362 Tu
303 1323 385 1375 quum
397 1322 443 1374 pro
455 1305 541 1357 vitula
554 1304 648 1357 statuis
661 1303 765 1356 dulcem
777 1303 874 1356 Aulide
885 1309 977 1358 natam

225 1378 295 1430 Ante
306 1393 364 1430 aras
377 1375 529 1445 spargisque
540 1374 611 1426 mola
623 1378 710 1443 caput,
722 1372 846 1442 improbe,
858 1374 933 1440 salsa,
965 1378 1021 1427 200

226 1444 544 1501 Rectumanimiserrasl”
552 1440 1020 1511 “Quorsuml’'“lnsanusquidanim

225 1516 306 1583 Fecit,
319 1531 401 1585 quum
413 1514 507 1567 stravit
518 1514 586 1566 ferru
598 1510 699 1580 pecual
722 1511 860 1564 Abstinuit
868 1512 924 1563 virn
934 1511 1020 1581 [Ajax

225 1586 311 1637 chre
324 1591 351 1637 et
363 1590 464 1651 gnatn3
481 1583 551 1634 mala
562 1581 648 1633 multa
660 1586 781 1647 precatus
794 1581 901 1647 Atridis,

224 1654 283 1705 Non
295 1654 340 1706 ille
352 1658 399 1706 aut
411 1653 540 1705 Teucrum
551 1655 599 1703 ant
612 1651 699 1718 ipsum
711 1649 820 1703 vrolarrt
832 1650 937 1703 Uhxen.

224 1723 345 1776 “Verum
358 1738 413 1789 ego,
425 1727 457 1773 ut
468 1720 598 1771 haerentes
607 1719 716 1771 adverso
727 1718 804 1771 litore
815 1736 895 1772 naves

222 1786 927 1910 arsurus„causasarum
935 1858 951 1881 ‚‚

222 1926 276 1988 Qui
289 1874 386 2006 spbdies
398 1898 463 1975 silias
475 1897 542 1976 reris
555 1897 709 1994 scelerisqbe
721 1924 839 1978 tumultu
927 1897 935 1925 ’

223 1995 372 2048 Permixtas
384 1992 477 2061 capiet,
489 2000 634 2046 commotus
645 1993 792 2061 habebitur,
803 1999 892 2063 atque,

223 2062 378 2116 Stultitiane
390 2068 465 2128 erret,
477 2062 591 2114 nihilum
604 2061 721 2130 distabit,
733 2080 768 2116 an
779 2064 826 2115 ira.
962 2064 1016 2113 210

223 2133 294 2200 Ajax
306 2131 449 2184 immeritas
461 2148 545 2199 quum
556 2132 660 2196 occidit,
673 2132 775 2200 desipit,
788 2148 884 2199 agn0s3

225 2200 311 2265 Quum
323 2200 438 2269 prudens
451 2202 534 2253 scelus
546 2200 579 2254 cb
591 2200 683 2254 titulos
695 2200 815 2252 admittis
826 2201 925 2267 inanes,
937 2196 1016 2266 [carl

224 2269 283 2323 Stes
295 2270 382 2323 animo
394 2275 422 2323 et
430 2287 528 2339 purum
540 2275 580 2323 est
589 2270 655 2323 vitio
666 2268 723 2336 tibi,
733 2286 814 2339 quum
823 2269 955 2322 tumidum
967 2276 1016 2334 ast,

224 2338 253 2392 Si
265 2338 324 2420 quis
335 2339 430 2392 lectica
441 2339 556 2392 nitidam
567 2345 670 2407 gestare
681 2344 752 2391 amet
764 2354 868 2406 agnam,

225 2408 296 2461 Huic
309 2412 416 2471 restem,
428 2413 460 2459 ut
472 2414 567 2476 gnata,
579 2414 654 2477 paret
666 2407 783 2474 ancillas,
795 2412 870 2477 paret
881 2422 984 2471 aurum,

225 2476 323 2529 Ruiam
335 2482 382 2528 aut
394 2476 522 2529 Pusillam
535 2492 568 2545 ap
602 2477 650 2529 llet
669 2475 887 2544 fortiquemaritc

224 2545 346 2598 Destinet
357 2560 480 2608 uxorem3
498 2544 554 2597 inte
586 2546 639 2597 icto
650 2519 714 2596 hnic
725 2561 802 2597 omne
813 2543 916 2597 adimat
924 2545 969 2611 jus

225 2612 325 2665 Praetor
336 2617 364 2665 et
376 2611 410 2665 ad
423 2629 498 2664 sanos
509 2611 588 2665 abeat
599 2613 686 2665 tutela
697 2613 864 2681 propinquos.

227 2680 313 2745 Quidl
332 2681 354 2732 si
366 2681 425 2749 quis
437 2686 547 2747 gnatam
558 2697 606 2750 pro
617 2686 693 2733 muta
704 2680 815 2734 deraret
826 2698 904 2749 agna,

227 2749 335 2816 Integer
346 2754 385 2801 est
397 2747 497 2802 animi?
515 2749 541 2801 N
541 2765 556 2800 e
568 2748 673 2801 dixeris.
708 2748 786 2817 Ergo,
797 2749 844 2802 nbi
855 2766 938 2819 prava
964 2752 1021 2803 220

228 2816 355 2882 Stultitia,
368 2816 412 2870 hic
424 2832 526 2869 summa
538 2822 577 2869 est
589 2817 706 2879 insania;
725 2819 770 2884 qui
783 2818 931 2885 sceleratus,

228 2884 264 2937 llt
276 2884 389 2937 furiosus
401 2886 466 2949 arit3
484 2901 562 2955 quem
574 2886 645 2955 cepit
655 2884 741 2939 citrea
752 2886 831 2953 fama,
