2409 3317
419 322 563 395 naeuos
581 320 687 375 canu.
707 325 816 375 12-15.
970 328 1019 378 uo

295 429 353 481 Non
366 429 442 482 alitor
455 428 541 482 Samio
554 427 648 481 dicunt
659 428 752 481 arsisse
764 425 888 494 Bathyllo

329 500 495 551 Anacreonta
506 497 609 564 Teium,
985 497 1018 545 10

296 566 347 631 Qui
360 584 474 635 persae
486 584 551 619 cava
563 537 697 618 testudine
708 564 782 617 flevit
794 579 910 616 amorem

329 635 388 687 Non
401 636 443 689 ela
475 634 612 689 ratumad
674 651 724 687 em.

295 704 553 786 Urerisipsemiser.
572 721 607 773 qu
653 700 968 771 sinonpulchrinrignis

329 774 457 828 Accendit
469 773 598 827 obsessam
611 772 689 838 llion,

295 842 386 895 Gaude
399 850 467 897 sorte
479 847 540 905 tua;
558 858 600 895 me
612 840 736 895 libertina
747 850 897 909 nequeunt)

329 911 459 966 Contenta
470 910 576 979 Phryne
588 916 712 964 macerat.

398 1096 545 1159 CARMllN
564 1096 623 1156 XV.
622 1116 696 1154 -sn
709 1115 843 1155 ananau.

293 1218 356 1271 Nox
369 1224 431 1282 erat
438 1224 465 1273 et
476 1214 540 1272 coelo
543 1216 673 1299 fulgebat
684 1218 761 1271 Luna
773 1228 863 1271 serem

328 1287 404 1340 Inter
415 1288 517 1338 minora
529 1284 623 1353 sidera,

294 1355 382 1420 Quum
395 1362 425 1409 tu
436 1370 593 1424 magnorum
604 1369 704 1408 numen
715 1352 811 1409 lasura
823 1353 938 1407 Deorum

329 1424 361 1475 In
373 1424 453 1477 verba
461 1422 570 1493 jurabas
581 1437 649 1491 mea,

293 1492 385 1544 Artius
397 1499 477 1561 atquo
488 1492 585 1545 hedera
596 1506 704 1572 procera
715 1487 892 1561 adstringitur
902 1490 964 1559 ilex,

328 1561 418 1613 Lentis
429 1561 565 1614 adhaerens
577 1560 705 1613 brachiis:

292 1630 364 1682 Dum
376 1628 464 1751 pecori
475 1631 554 1698 lupus
566 1636 593 1683 et
605 1628 695 1683 nantis
706 1623 820 1682 infestus
832 1623 913 1682 Orion

327 1699 381 1751 'l'ur
399 1704 455 1752 aret
467 1697 607 1751 hibernum
615 1713 695 1767 mare,

292 1768 466 1837 Intonsosque·
477 1768 590 1835 agitaret
599 1739 730 1836 Apollinis
742 1784 807 1821 aura
818 1766 935 1838 capillos,

327 1838 393 1889 Fore
405 1838 477 1891 hunc
489 1852 603 1889 amorem
614 1842 746 1891 mutuum.
983 1840 1015 1888 10

293 1907 314 1958 Ο
327 1902 442 1959 dolitura
454 1922 512 1958 mea
524 1906 640 1959 multum
652 1906 753 1958 virtute
764 1904 873 1961 Neara!

326 1975 427 2027 Nam
407 1993 430 2027 sr
441 1974 524 2057 quid'
516 1990 546 2026 rn
558 1974 652 2027 Flacco
664 1974 715 2027 viri
726 1978 773 2038 est,

292 2042 351 2096 Non
363 2045 430 2096 feret
442 2042 559 2097 assiduas
571 2042 667 2113 potiori
679 2049 707 2094 te
717 2042 780 2095 dare
791 2048 888 2110 noctes,

327 2112 362 2165 lit
374 2115 471 2180 quaeret
483 2112 668 2165 rratns
577 2126 668 2181 p

291 2178 346 2233 Nec
359 2181 437 2233 semel
449 2178 554 2233 offensae
566 2180 643 2233 cedet
653 2151 802 2233 constantie
812 2177 911 2249 formas,

326 2249 354 2301 Si
366 2256 453 2302 certus
465 2245 572 2302 intrarit
585 2248 665 2302 dolor

292 2318 327 2371 lit
340 2326 370 2371 tu
371 2318 540 2387 ,quicunque
552 2332 579 2369 es
590 2316 693 2371 felicior
703 2321 784 2385 atque
795 2331 854 2370 meo
865 2328 937 2373 nunc

326 2360 459 2457 Superbus
471 2386 570 2439 incedis
581 2386 660 2453 malo,

292 2456 332 2508 Sis
345 2473 437 2525 pecore
448 2462 476 2509 et
487 2452 574 2508 multa
586 2454 660 2508 dives
671 2453 767 2509 tellure
777 2452 870 2511 licebit

326 2474 384 2577 Tibi
402 2543 437 2578 ue
448 2524 573 2579 Pactolus
584 2524 660 2591 duat,
980 2527 1015 2577 20

291 2594 317 2646 N
317 2611 346 2646 ec
358 2600 385 2647 te
439 2590 556 2676 thagora
567 2592 665 2647 fallant
677 2608 772 2647 arcana
783 2592 876 2661 renati,

327 2662 508 2733 llormaque
483 2678 574 2717 vinem
585 2660 674 2730 Nirea,

292 2730 367 2784 Eheu
379 2730 520 2784 translatos
532 2730 584 2784 alio
596 2678 717 2785 manebis
727 2744 841 2783 amores:

326 2800 375 2853 Ast
388 2816 437 2869 ego
447 2800 563 2855 vicissim
574 2801 662 2854 risere.
