2409 3317
404 366 616 422 ssmsssssr
635 366 675 420 11.
693 370 717 434 e,
736 368 760 422 ⁷.
927 368 977 422 181

182 464 262 535 Ergo,
274 465 320 519 ubi
332 483 464 536 purpureo,
475 472 625 536 perrectum
636 466 666 519 in
677 472 750 519 veste
761 465 859 520 leserit

182 535 331 604 Agrestem,
343 536 428 591 veluti
440 536 590 590 succinctus
602 536 713 589 cursitet
725 535 818 604 hospes

182 604 381 673 Gentinustque
393 606 482 675 depes,
493 622 542 658 nee
554 622 608 658 nen
620 604 755 657 verniliter
766 604 776 657 i
796 603 831 657 sis

183 671 429 741 Fungitureffieiis,
441 674 615 743 praelambens
627 690 705 726 omns
717 690 752 754 qu
798 673 881 727 effert.

184 740 236 796 Ille
247 741 346 795 eubsns
357 742 458 811 gaudet
468 748 573 796 mutets
585 748 655 795 sorte
667 741 700 795 bo
760 760 793 796 ue
930 746 979 796 110

184 809 273 864 Rebus
284 812 342 879 egit
353 812 448 865 laetum
459 813 606 877 eonvivsm,
619 826 702 877 quum
713 828 745 863 su
763 812 801 864 ito
813 811 907 880 ingens

183 879 329 933 Velnrum
341 882 468 950 strepitus
479 880 556 933 leetis
567 880 685 933 excussit
697 886 848 948 utrumque.

183 948 293 1002 Currere
304 966 352 1018 per
363 955 451 1003 totum
462 948 554 1018 paridi
566 948 697 1015 eonclsve,
709 949 846 1069 megisslue

183 1016 327 1071 Exanimes
337 1018 479 1087 trepidare,
490 1017 570 1070 simul
581 1018 675 1070 domus
687 1017 743 1071 elta
755 1018 800 1070 Mo
811 1018 875 1071 ossis

182 1087 323 1141 Persenuit
334 1089 451 1143 senibus.
485 1089 554 1142 'Pum
565 1090 694 1142 rusticus:
712 1088 809 1143 ‘Hsud
821 1090 887 1143 mihi
895 1090 952 1144 rits

182 1156 232 1211 Est
243 1174 309 1227 epus
320 1157 386 1224 hsc,‘
399 1159 445 1225 eit,
458 1160 500 1212 ‘et
511 1158 599 1212 valeas
612 1177 619 1222 ;
636 1175 678 1211 me
690 1157 756 1211 silva
768 1174 899 1227 eassusque

183 1226 269 1280 Tutus
280 1227 315 1280 sb
326 1228 430 1282 insidiis
442 1228 517 1282 tenui
529 1228 658 1281 solabitur
669 1222 744 1283 ervo!
754 1220 770 1247 ''

474 1381 605 1435 ssime
622 1380 687 1435 v11.

184 1493 371 1547 “Jssssussss
383 1494 504 1547 suseulte
516 1498 543 1546 st
555 1491 663 1561 cupiens
674 1491 725 1545 tibi
736 1491 822 1545 disere
834 1507 924 1544 servus

184 1562 275 1615 Peuce
286 1562 450 1616 reformido.”
472 1560 649 1614 “Damnst’'
670 1562 745 1627 “Its,
754 1562 851 1626 Davus,
864 1559 980 1613 amicum

184 1631 351 1701 Meneipium
364 1631 470 1685 domino
482 1636 509 1685 et
520 1630 593 1699 frugi
605 1630 676 1699 quod
688 1629 723 1683 sit
735 1629 805 1695 setis,
818 1629 868 1682 hoe
880 1635 928 1695 est,

185 1700 224 1754 Ut
237 1700 319 1754 vitsle
331 1700 433 1771 putes’'
468 1701 512 1751 “A
533 1699 691 1765 elibertste
702 1697 847 1765 Deeembri,

184 1769 301 1832 Quando
312 1770 352 1824 its
363 1771 474 1839 mejeres
486 1718 635 1834 reinserunt,
647 1775 722 1821 utere
733 1787 739 1833 ;
756 1767 859 1821 senff

185 1838 273 1892 “Pers
286 1839 424 1893 hominum
436 1839 509 1892 vitiis
520 1838 620 1907 gaudet
629 1843 779 1891 constenter
791 1842 819 1889 st
830 1840 908 1905 urget

186 1908 368 1978 Propositum
385 1926 447 1979 pers
457 1909 544 1962 multa
556 1915 640 1975 netas,
651 1909 728 1962 medo
740 1914 812 1962 reete
823 1924 968 1978 capessens,

188 1978 326 2031 Interdum
337 1979 426 2047 pravis
438 1978 558 2031 obnoxie
593 1977 669 2047 Ssepe
680 1984 788 2031 notetus

188 2046 254 2100 (ium
265 2047 350 2099 tribus
361 2046 480 2113 enneliis,
492 2046 569 2099 medo
581 2045 648 2099 laevs
659 2045 764 2099 Priscus
775 2045 857 2117 insui,

188 2114 265 2168 Vixit
277 2115 422 2182 inaequalis,
434 2114 539 2167 clevum
550 2122 583 2167 ut
593 2121 711 2167 mutaret
722 2114 751 2166 in
763 2113 855 2177 horss5
946 2116 978 2164 10

188 2182 299 2235 AEdibus
311 2199 345 2235 ex
356 2182 460 2249 megnis
471 2182 558 2234 subito
570 2199 598 2234 se
610 2182 740 2248 conderet,
752 2180 823 2235 unde

188 2249 620 2304 Mundiersxiretvixlibertinus
632 2250 755 2314 honeste;
955 2276 960 2287 ·

189 2320 253 2374 Jsm
264 2320 382 2373 muschus
395 2319 492 2386 Remis,
500 2320 558 2386 jem
569 2318 662 2372 mallet
674 2319 766 2373 doetus
777 2318 890 2371 Athenis

189 2389 291 2457 Vivere,
305 2388 465 2456 Vertumnis,
477 2394 606 2456 quotquot
617 2395 687 2456 sunt,
699 2394 779 2441 ustus
790 2387 896 2457 iniquis.

189 2457 284 2512 Scurra
296 2458 458 2525 Veisnerius,
469 2462 610 2527 postquem
621 2456 662 2510 iili
676 2459 744 2511 'uste
755 2456 882 2527 chemgrs

190 2526 316 2581 Contudit
327 2527 458 2595 articulos,
470 2527 517 2596 qui
546 2543 575 2580 re
587 2544 615 2580 se
626 2474 730 2581 tolieret
741 2533 822 2595 etque

190 2594 310 2649 Mitteret
321 2597 350 2649 in
361 2596 483 2666 phimum
533 2613 569 2663 es,
581 2596 700 2651 mercede
711 2595 807 2649 diurne

191 2664 356 2718 consuetum
366 2666 456 2734 pavie
474 2671 573 2734 quent)
584 2665 746 2719 eonstsntior
757 2664 843 2719 isdem

191 2731 223 2785 In
234 2733 317 2815 yitiis,
328 2740 404 2787 teste
415 2734 499 2816 levius
510 2733 588 2787 miser
599 2751 631 2788 se
643 2734 714 2803 prior
725 2733 805 2819 illes,

192 2801 308 2870 Qszm
320 2810 450 2870 sententis,
459 2801 787 2871 Jsmlsxefunsleborst
946 2802 980 2853 00

557 2894 567 2923 Ρ
579 2888 617 2929 ills
