2409 3317
244 344 296 399 los
559 337 716 395 nonem

244 438 302 504 Quo
313 439 397 507 magis
408 438 451 491 his
462 438 559 505 eredes,
572 456 638 508 puer
649 440 721 494 hunc
733 456 781 508 ego
792 456 890 509 pervus
902 438 1026 494 Ofellam
1034 461 1046 481 ·

244 506 359 576 Integris
370 508 463 577 opibus
474 508 537 561 novi
548 525 600 560 non
613 508 694 563 latius
706 526 783 562 usum

244 575 330 641 Quem
341 593 413 629 nnnc
424 576 522 630 nocuis.
559 577 656 630 Videes
666 584 766 631 metato
777 577 806 630 in
818 578 904 647 agello

243 644 309 698 Cum
321 662 413 715 pecore
424 651 452 698 et
462 646 551 713 gnatis
562 646 658 699 fortem
668 647 787 701 mercede
798 647 927 714 colonum,

233 713 259 745 ³“
266 714 292 767 N
293 731 327 767 on
339 713 411 783 ego,''
424 722 583 783 narrantem,
596 716 612 745 “
621 722 720 769 temere
731 714 775 769 edi
787 716 848 770 luce
859 716 977 786 profesto

244 780 395 863 Quidquam
403 787 503 853 'proter
515 781 572 835 olus
583 782 693 835 famose
705 798 766 834 cum
776 782 844 850 pede
920 799 951 835 ω.

243 852 282 903 Ac
293 850 360 903 nubi
372 867 418 903 seu
429 851 538 919 tomum
549 856 610 919 post
624 856 729 919 tempus
740 857 849 903 venmt
879 868 961 921 ospes,

243 916 305 972 Sive
315 936 422 988 operum
434 936 517 973 vsouo
528 925 620 988 gestus
631 920 742 971 convive
752 934 799 988 per
810 919 920 973 imbrem

243 987 361 1055 Vicinus,
372 988 439 1043 bene
450 995 507 1042 eret
518 1004 571 1041 non
583 988 698 1057 piscibus
708 986 774 1041 urbe
785 988 883 1057 petitis,
984 994 1041 1043 120

243 1054 294 1110 Sed
306 1057 378 1126 pullo
391 1075 407 1110 e
436 1075 471 1110 ue
482 1058 570 1121 haed03
587 1063 648 1109 tum
659 1057 766 1125 pensilis
777 1074 831 1111 nvo
842 1058 970 1111 wcundu

242 1124 278 1177 Et
290 1142 347 1178 nux
359 1063 468 1179 0111th
479 1140 582 1179 menses
593 1142 655 1178 cum
666 1124 772 1195 duplice
783 1126 850 1179 ficu:

243 1192 306 1247 Post
317 1194 367 1247 hoc
379 1193 457 1247 ludus
469 1200 526 1247 eret
537 1194 616 1263 culpe
627 1200 718 1263 potere
730 1195 870 1262 megistum

243 1262 282 1315 Ac
294 1269 418 1316 venerate
430 1264 511 1331 Oetes,
524 1264 563 1315 ite
574 1263 662 1315 culmo
674 1271 792 1331 uergeret
803 1264 865 1332 ulto,

242 1330 381 1401 Explicuit
391 1332 453 1385 vino
465 1338 607 1385 contrectes
618 1332 687 1385 seris
696 1332 798 1385 frontis.

243 1399 340 1455 Saeuet
352 1408 432 1523 etque
443 1417 523 1455 novos
533 1406 639 1454 moveat
651 1400 769 1454 Fortuna
780 1400 920 1468 tumultus,
960 1399 1036 1470 [vos,

244 1469 378 1533 Quantum
407 1471 450 1524 ino
461 1470 618 1523 imminueti
640 1470 858 1538 anususego
869 1470 974 1539 porcius
982 1479 1036 1525 sut

243 1537 265 1590 0
278 1540 359 1607 pueri,
371 1540 496 1607 nituistis,
509 1546 541 1593 ut
552 1540 606 1592 huc
617 1554 701 1591 novus
712 1538 799 1592 incole
810 1538 901 1592 veniti

242 1606 268 1659 N
268 1624 311 1660 em
323 1609 451 1677 propiise¹¹
463 1608 564 1661 telluris
576 1608 671 1661 herum
682 1613 778 1660 nenne
789 1624 875 1675 neque
884 1606 962 1660 iilum

241 1674 268 1727 N
268 1692 297 1729 ec
309 1695 351 1730 me
362 1692 411 1729 nec
423 1694 580 1747 quemquam
592 1677 700 1729 stetuit:
717 1692 766 1729 nos
776 1676 881 1745 expulit
891 1676 955 1739 ilict
978 1680 1034 1730 130

242 1742 324 1797 Illum
336 1751 384 1798 eut
395 1746 525 1813 nequities
537 1750 585 1799 eut
596 1746 665 1798 vafri
676 1745 781 1798 inscitie
788 1745 865 1814 juris,

242 1810 407 1866 Postremum
419 1831 433 1866 e
497 1813 535 1867 let
547 1819 617 1867 certe
628 1814 744 1867 uvndor
754 1814 836 1867 heres

241 1880 320 1937 Nunc
333 1899 395 1950 eger
406 1882 458 1934 Um
475 1882 532 1935 reni
544 1882 593 1935 sub
604 1883 717 1951 nomine,
729 1898 813 1951 nuper
824 1882 931 1936 Ofello·

242 1950 342 2018 Dictus,
355 1952 406 2003 erit
417 1950 485 2003 nulli
497 1951 625 2021 proprius,
636 1952 682 2004 sed
694 1952 770 2004 cedet
781 1952 810 2003 in
821 1966 901 2003 usum

241 2017 320 2072 Nunc
331 2018 404 2088 mihi,
416 2036 488 2073 nunc
500 2020 554 2074 elii.
590 2020 716 2084 Quocirca
727 2020 810 2073 vivite
820 2020 909 2089 forus,

242 2086 383 2157 Fortisque
395 2090 509 2143 advenis
521 2090 646 2159 opponite
657 2095 763 2159 pectore
774 2088 876 2143 rebus.”

534 2254 664 2313 sunm
681 2254 734 2311 III.

243 2362 257 2389 “
270 2361 317 2415 Sto
329 2378 388 2415 reto
401 2360 499 2431 scribis,
511 2369 544 2416 ut
556 2369 614 2417 toto
625 2379 679 2417 non
690 2370 785 2433 quotes
796 2378 867 2418 enno

240 2430 422 2487 Membrenem
433 2450 531 2503 posces,
544 2434 700 2503 scriptorum
711 2450 822 2503 quaeque
832 2438 959 2500 retexens,
1006 2453 1010 2461 ·

241 2500 329 2555 Iratus
341 2502 398 2569 tibi,
411 2503 480 2571 quod
492 2502 548 2554 vini
560 2503 695 2571 somnique
706 2502 837 2571 benignus

239 2568 286 2623 Nil
298 2570 409 2639 dignum
421 2586 537 2623 sermone
548 2586 634 2624 cause
670 2571 740 2635 Quid
750 2572 814 2625 fieti
831 2573 880 2625 At‘
889 2571 954 2641 ipsis

240 2638 423 2695 Saturnalibus
435 2639 488 2691 huc
498 2638 599 2707 fugisti
635 2638 740 2691 Sobrius
751 2656 813 2708 engo

240 2708 290 2762 Dic
303 2706 403 2775 aliquid
416 2707 527 2775 dignum
510 2706 684 2827 capromissis:
700 2707 796 2777 incipe.
830 2707 877 2762 Nil
888 2713 936 2762 est.

242 2774 388 2843 Guipentur
399 2776 499 2829 frustra
551 2775 611 2827 omi.
623 2774 822 2845 tumentesque
833 2774 936 2831 laboret

308 2866 318 2889 0
330 2860 423 2903 Ofellum
519 2859 528 2887 ⁶
542 2858 625 2915 proprie
720 2868 730 2892 ²
742 2862 806 2905 ocelli
902 2860 912 2889 ¹
923 2862 957 2907 Ab
