2409 3317
220 380 252 430 48

530 375 685 429 nondun

287 482 364 548 Quid,
378 480 448 549 quod
461 497 541 549 usque
553 480 686 549 proximos

322 549 435 603 Revellis
447 550 504 617 egri
516 550 642 601 terminos
653 555 682 600 et
693 549 764 601 ultra

286 620 396 672 Limites
408 618 547 671 clientium

321 688 388 740 Salis
401 687 514 740 avarus?
549 685 664 739 Pellitur
675 692 798 755 paternos

286 758 320 810 In
333 757 392 808 sinu
404 756 489 808 ferens
501 756 571 808 Deos

320 826 356 879 Et
369 842 434 877 trxor
446 831 473 877 et
484 824 526 877 vir
537 824 704 893 sordidosque
716 830 800 877 natos.

285 894 368 948 Nulla
380 893 474 947 certior
486 900 576 947 tamen

320 964 432 1044 Rapacis
445 963 506 1015 Orci
517 963 570 1015 fine
582 963 716 1016 destinate
971 967 1005 1015 ³0

285 1034 356 1085 Aula
368 1032 435 1085 divit
424 1040 477 1085 tem
489 1038 580 1084 manet

320 1103 428 1155 Herum.
464 1100 535 1165 Quid
547 1101 620 1153 ultra
630 1101 735 1153 tendisl
770 1101 859 1169 AEque
870 1101 950 1153 tellus

284 1170 399 1239 Pauperi
411 1167 559 1223 recluditur

319 1240 421 1307 Regum
439 1256 474 1291 ue
485 1238 581 1307 pueris,
593 1256 642 1292 nec
655 1238 759 1291 satelles
772 1239 833 1291 Orci

284 1309 416 1362 Callidum
464 1307 585 1361 omethea

319 1376 432 1430 Bevexit
444 1394 508 1429 auro
520 1382 622 1445 captus.
659 1375 712 1427 Hic
724 1375 866 1445 superbum

283 1446 425 1500 Tantalum
437 1452 517 1526 etque
529 1445 636 1498 Tantali

319 1517 407 1570 Genus
419 1517 536 1577 oo'e'rcet;
553 1514 597 1566 bic
609 1515 697 1567 levare
707 1514 831 1566 functum

284 1585 431 1655 Perpetem
442 1554 575 1636 laboribus

318 1655 435 1707 Vocatus
446 1660 528 1720 etque
538 1668 593 1705 non
605 1656 714 1704 vocatus
726 1651 809 1705 audit.
969 1655 1004 1704 40

314 1833 464 1888 OARMEN
482 1831 628 1885 XIX.—sn
642 1846 770 1885 manauit
783 1847 904 1885 renarro

287 1944 423 1997 Beccnurs
435 1942 465 1993 in
476 1941 583 1994 remotis
595 1941 714 1993 carmina
725 1940 835 2009 rupibus

283 2012 347 2065 Vidi
358 2012 503 2077 docentem,
515 2009 614 2061 credite
625 2010 730 2077 posteri,

317 2080 506 2148 Nymphasque
518 2077 648 2130 discentes
660 2084 687 2131 et
699 2095 775 2131 aures

353 2148 528 2229 Capripcdum
540 2147 694 2217 Satyrorum
706 2155 804 2201 acutas

283 2218 364 2283 Enoc,
375 2218 474 2271 recenti
486 2234 559 2269 mens
571 2217 688 2285 trepidat
699 2222 780 2282 metu,

283 2286 417 2354 Plenoque
429 2285 527 2339 Bacchi
539 2292 645 2355 pectore
657 2285 795 2337 turbidum

319 2354 444 2409 Laetatur.
479 2354 559 2419 Enoc,
571 2369 648 2422 parce
661 2354 744 2419 Liber,

352 2423 433 2477 Parce
434 2440 528 2490 ‚gram
520 2422 680 2475 'metuende
692 2422 789 2489 thyrso.

283 2493 334 2544 Fas
346 2493 492 2561 pervicaces
504 2498 543 2543 est
555 2491 622 2544 mihi
634 2491 766 2559 Thyiadas

283 2562 398 2628 Virique
410 2560 519 2622 fontem,
530 2561 608 2613 lactis
620 2567 647 2613 et
659 2560 750 2613 uberes
969 2567 1001 2615 10

317 2629 463 2684 (lentare
441 2647 510 2682 nvos
521 2636 568 2697 a
568 2647 601 2681 ue
614 2629 715 2681 truncis

283 2770 334 2820 Fas
346 2776 373 2821 ct
352 2698 733 2835 Labosdtdaddsnjbegrs‘madmdieddbb

282 2836 371 2890 Stellis
383 2835 506 2887 honorem
518 2842 640 2915 tectaque
652 2834 764 2891 Penthei

317 2906 417 2973 Disjt
375 2912 417 2958 eet
418 2922 434 2957 a
445 2921 498 2956 non
509 2904 562 2957 leni
573 2904 659 2968 ruina,

350 2977 456 3032 Thracis
468 2982 495 3031 et
507 2976 621 3031 exitium
633 2975 756 3044 Lycrugi.
