2409 3317
240 352 292 405 224
560 342 718 400 HORATII

237 450 307 505 Nam
319 450 402 520 spirat
414 449 546 516 tragicum
559 448 624 501 satis
636 454 664 501 et
675 446 787 500 feliciter
798 446 887 513 audet,

240 519 291 572 Sed
304 526 411 588 turpem
421 524 501 587 putat
511 518 606 570 inscite
618 516 765 584 metuitque
776 515 892 569 lituram.

241 587 371 655 Creditur,
383 604 417 640 ex
428 586 514 639 medio
527 586 590 654 quia
600 602 642 638 res
653 584 768 651 arcessit,
779 582 875 637 habere

240 656 347 709 Sudoris
358 655 506 722 minimum,
518 655 563 707 sed
575 653 656 707 habet
667 652 794 707 comoda
805 658 881 706 tanto

237 723 303 777 Plus
310 725 403 791 oneris,
410 730 510 793 quanto
518 724 602 778 senia
611 723 705 775 minus.
723 721 845 791 Adspice,
854 721 967 775 Plautus
982 722 1037 775 170

238 794 296 858 Quo
307 798 386 862 pacto
396 798 485 862 partes
496 797 600 845 tutetur
611 790 726 844 amantis
738 790 840 859 ephebi,

238 861 277 915 Ut
288 862 371 931 patris
383 861 488 928 attenti,
500 860 601 914 lenonis
613 866 646 913 ut
657 860 789 924 insidiosi;
829 908 832 919 ,

239 931 361 994 Quantus
373 931 409 984 sit
420 930 569 983 Dossennus
581 928 704 982 edacibus
715 928 745 980 in
757 928 888 997 parasitis,

240 998 325 1064 Quam
336 1016 390 1053 nou
401 998 527 1052 adstricto
538 1003 674 1068 percurrat
685 996 733 1065 pul
751 996 791 1051 ita
803 1013 888 1059 socco;

240 1068 326 1121 Gestit
337 1069 408 1121 enim
419 1085 559 1122 nummum
568 1067 599 1118 in
611 1066 709 1119 loculos
720 1015 866 1133 d'emittere,
878 1071 937 1134 post
949 1066 999 1119 hoc

240 1136 359 1204 Securus,
371 1136 457 1203 cadat,
469 1153 504 1189 an
514 1142 586 1189 recto
597 1139 650 1188 stet
662 1133 752 1187 fabula
763 1135 825 1188 tulo.

240 1206 325 1270 Quem
335 1205 401 1259 tulit
413 1204 447 1258 ad
459 1222 564 1258 socnam
575 1210 683 1257 ventoso
696 1203 784 1257 Gloria
796 1221 883 1271 ounu,

239 1274 382 1328 Exanimat
393 1273 481 1327 lentus
493 1279 630 1343 spectator,
643 1271 749 1343 sedulus
760 1272 850 1325 inflat:

239 1343 282 1396 Sic
293 1342 358 1412 leve,
371 1344 407 1396 sic
419 1359 531 1412 parvum
543 1348 590 1410 cst,
602 1342 721 1395 animum
751 1341 804 1394 uod
816 1341 902 1394 laudis
914 1358 1024 1394 avarum

239 1412 348 1466 Subruit
360 1418 408 1466 aut
419 1411 511 1465 reficit.
547 1410 643 1464 Valeat
653 1426 694 1463 rcs
707 1409 735 1462 lu
756 1410 816 1478 'cra
829 1410 851 1462 si
863 1427 906 1464 me
981 1413 1033 1461 180

242 1480 334 1535 Palma
345 1486 443 1550 negata
454 1496 579 1546 macrum,
591 1480 691 1532 donata
701 1478 805 1532 reducit
817 1478 940 1548 opimum.

239 1550 314 1620 Saepe
326 1551 407 1604 etiam
419 1550 545 1603 audacem
556 1549 635 1617 fugat
646 1546 696 1601 hoc
707 1553 839 1616 terretque
852 1550 966 1618 poetam
1121 1556 1126 1606 l

240 1618 316 1683 Quod
328 1636 437 1672 numero
448 1618 545 1688 plures,
556 1618 657 1671 virtute
668 1622 695 1670 et
707 1616 805 1670 honore
816 1616 936 1683 minores,
1123 1608 1125 1635 ¹

241 1688 345 1742 Inducti
357 1688 499 1757 stolidique
510 1694 538 1740 et
550 1687 701 1768 depugnare
713 1686 807 1755 parati,

240 1755 268 1808 si
280 1756 410 1810 discordet
421 1774 508 1825 eques,
520 1756 608 1809 media
619 1755 689 1808 inter
701 1755 818 1808 carmina
829 1760 941 1824 poscunt
1123 1758 1124 1775 ³

240 1825 296 1878 Aut
309 1842 399 1878 ursum
410 1833 459 1878 aut
469 1823 587 1893 pugiles3
605 1824 647 1876 his
658 1841 721 1877 nam
733 1822 869 1891 plebecula
880 1822 992 1891 plaudit.
1124 1826 1125 1871 l

240 1892 340 1945 Verum
352 1893 448 1962 equitis
460 1910 563 1961 quoque
571 1894 630 1960 jam
640 1892 766 1960 migravit
778 1890 812 1945 ab
823 1908 888 1945 aure
900 1891 1021 1959 voluptas

241 1961 332 2014 Omnis
344 1961 378 2015 ad
389 1962 502 2015 incertos
513 1961 601 2014 oculos
614 1966 642 2015 et
653 1961 752 2029 gaudia
763 1978 839 2014 vana

241 2030 372 2095 Quattuor
383 2036 431 2085 aut
442 2030 531 2101 plures
543 2030 628 2083 aulaea
639 2035 796 2099 premuntur
807 2030 836 2081 in
847 2029 931 2095 horas,

239 2099 310 2153 Dum
317 2100 426 2169 fugiunt
432 2100 552 2169 equitum
558 2106 653 2153 turmae
660 2098 832 2169 peditumque
839 2105 967 2162 caterrae3
980 2100 1029 2150 190

240 2168 305 2222 Mox
317 2169 434 2223 trahitur
444 2168 567 2223 manibus
577 2186 671 2237 regum
681 2168 789 2221 fortuna
800 2167 912 2234 retortis,
1119 2194 1125 2279 p

240 2238 339 2292 Esseda
350 2240 485 2306 festinant,
497 2238 607 2307 pilenta,
617 2237 751 2307 petorrita,
762 2253 849 2305 naves,

241 2308 381 2377 Captivum
392 2314 514 2378 portatur
526 2307 596 2374 ebur,
609 2306 715 2375 captiva
727 2306 874 2358 Corinthus.

240 2374 268 2428 si
279 2376 348 2429 foret
359 2377 388 2429 in
399 2378 482 2445 terris,
493 2375 591 2429 rideret
602 2375 775 2443 Democritus,
787 2391 833 2426 seu

240 2443 380 2497 Diversum
391 2446 499 2498 confusa
510 2462 592 2513 genus
603 2444 734 2513 panthera
745 2442 851 2508 camelo,

240 2511 301 2567 Sive
313 2512 419 2583 elephas
431 2514 506 2567 albus
518 2513 593 2581 vulgi
606 2518 768 2566 converteret
781 2528 840 2575 ora;

240 2581 603 2704 bubulum
610 2580 868 2703 sessuris.

240 2668 383 2787 Scriptorlds
394 2724 483 2771 autem
494 2734 601 2770 narrare
612 2665 719 2785 plueret
731 2734 759 2770 as
795 2734 810 2769 o
862 2690 869 2713 '

241 2785 376 2840 Fabellam
387 2787 471 2840 surdo.
506 2786 575 2838 Nam
588 2801 646 2853 quae
658 2785 807 2853 pervincere
820 2803 895 2839 voces
978 2790 1025 2839 200
1122 2840 1124 2857 Ι

241 2852 370 2908 Evaluere
382 2872 483 2923 sonum,
494 2854 613 2907 referunt
626 2870 704 2922 quem
714 2860 804 2907 nostra
816 2853 939 2910 theatral
1121 2882 1124 2959 p

1120 2286 1125 2325 l
