2409 3317
230 363 279 414 tas
548 353 706 407 HORATlI

226 456 348 523 Denique
361 453 395 507 sit
406 452 467 505 finis
479 453 621 522 quarendi,
633 469 767 521 quumque
778 450 876 505 habeas
888 450 957 521 plus,

225 524 383 593 Pauperiem
395 530 497 575 metuas
509 522 596 575 minus
609 529 637 573 et
648 522 724 573 finire
735 521 852 574 laborem

226 594 349 661 Incipias,
362 598 439 661 parto
451 592 521 661 quod
533 591 636 657 arabas,
647 607 681 642 ne
693 589 774 641 facias
786 590 857 658 quod

226 662 377 715 Ummidius
389 661 512 728 quidam3
529 677 583 713 non
594 661 675 727 longa
687 666 727 710 est
738 658 843 711 fabula:
862 658 944 724 dives,

227 731 265 783 Ut
276 730 415 783 metiretur
426 746 562 792 numm0s;
578 730 619 781 ita
631 728 758 794 sordidus,
770 734 801 779 ut
814 745 841 780 se

227 800 252 851 N
253 817 287 852 on
298 815 417 867 unquam
429 816 502 853 servo
514 798 609 851 melius
620 797 743 860 vestiret3
761 796 879 865 adusque

228 869 386 938 Supremam
398 874 489 936 tempu
522 883 556 919 no
568 884 595 919 se
607 867 718 935 penuria
729 866 817 918 victus

229 938 402 1019 Opprimat,
413 942 503 989 metue
521 941 556 989 at
592 934 631 987 At
642 935 713 987 hunc
724 934 820 986 liberta
832 932 919 987 securi

228 1006 326 1059 Divisit
338 1006 461 1072 medium,
473 1004 617 1057 fortissima
628 1003 845 1066 Tyndaridarum
973 1006 1028 1056 100

264 1076 356 1141 “Quid
367 1075 401 1125 mi
413 1075 495 1140 igitur
507 1070 617 1123 suadeat
635 1077 666 1122 ut
676 1072 764 1124 vivam
775 1073 905 1127 Maenius'l
923 1079 971 1126 aut
980 1073 1022 1125 sic

229 1146 267 1197 Ut
279 1145 459 1197 Nomentanus
469 1140 498 1195 l”
518 1140 608 1206 Pergis
619 1141 768 1207 pugnantia
779 1159 868 1193 secum

230 1207 371 1261 Frontibus
383 1207 498 1259 adversis
510 1223 678 1276 componere:
696 1224 750 1259 non
761 1224 818 1275 ego,
829 1225 942 1263 avarum

230 1278 318 1342 Quum
329 1282 390 1330 veto
401 1282 429 1329 te
440 1275 504 1343 fieri,
517 1293 632 1345 vappam
639 1276 720 1344 jubeo
732 1294 764 1329 ac
775 1276 941 1333 nebulonem.

230 1346 278 1399 Est
289 1346 360 1399 inter
372 1346 475 1398 Tanain
488 1345 614 1415 quiddam
626 1362 792 1413 socerumque
805 1346 907 1401 viselli.

231 1415 279 1468 Est
290 1416 384 1468 modus
395 1415 423 1467 in
434 1414 520 1482 rebus,
532 1421 594 1467 sunt
606 1414 672 1466 certi
684 1414 797 1482 denique
809 1415 882 1483 fines,

232 1486 302 1549 Quos
313 1485 386 1538 ultra
397 1484 515 1553 citraque
526 1483 620 1552 nequit
631 1484 772 1535 consistere
782 1490 893 1539 rectum

232 1554 308 1621 Illuc,
320 1554 391 1606 unde
403 1553 464 1620 abii,
476 1553 560 1618 redeo,
572 1569 649 1605 nemo
660 1558 693 1605 ut
704 1570 800 1605 avarus

232 1623 265 1676 Se
277 1622 368 1691 probet
380 1640 411 1675 ac
422 1622 510 1691 potius
521 1621 613 1674 laudet
625 1620 727 1673 diversa
739 1629 884 1691 sequentes,

233 1692 359 1759 Quodque
371 1691 458 1744 aliena
470 1690 572 1758 capella
583 1696 659 1757 gerat
671 1689 813 1744 distentius
825 1692 897 1760 uber,
972 1697 1025 1746 110

232 1759 367 1826 labescat,
378 1775 464 1827 neque
476 1776 503 1811 se
514 1759 608 1826 majori
619 1760 805 1827 pauperiorum

233 1829 326 1881 Turba
338 1826 478 1896 comparet,
490 1827 562 1879 hunc
573 1833 653 1895 atque
665 1827 737 1880 hunc
748 1846 871 1898 superare
880 1829 989 1883 laboret.

232 1898 276 1951 Sic
288 1896 426 1949 festinanti
438 1912 539 1964 semper
550 1896 705 1964 locupletior
715 1896 809 1963 obstat,

233 1967 278 2033 Ut,
291 1983 372 2036 quum
384 1965 529 2018 carceribus
540 1965 632 2017 missos
643 1966 714 2035 rapit
725 1967 827 2034 ungula
838 1984 937 2034 currus,

234 2036 322 2088 Instat
334 2035 407 2103 equis
418 2035 511 2101 auriga
523 2051 582 2087 suos
593 2034 768 2102 vincentibus,
779 2036 857 2087 illum

234 2104 403 2157 Praeteritum
415 2109 535 2156 temnens
547 2109 677 2156 extremos
688 2104 884 2157 intereuntem

235 2174 301 2226 Inde
312 2172 351 2241 fit,
364 2179 395 2225 ut
407 2190 473 2241 raro,
485 2172 532 2241 qui
544 2190 571 2225 se
582 2172 680 2226 vixisse
691 2171 799 2225 beatum

234 2243 313 2296 Dicat
325 2249 353 2295 ct
364 2248 458 2295 exacto
470 2247 609 2295 contentus
620 2247 738 2309 tempore
749 2242 806 2295 vita

235 2312 317 2364 Cedat
328 2312 370 2363 uti
382 2312 492 2365 conviva
504 2318 583 2377 satur,
595 2310 708 2379 reperire
720 2327 853 2378 queamus

235 2380 255 2434 J
255 2397 298 2431 am
311 2381 374 2433 satis
386 2386 433 2433 est.
468 2380 495 2433 N
495 2397 510 2432 e
521 2397 563 2432 me
575 2378 690 2447 Crispini
701 2380 797 2432 scrinia
807 2379 875 2448 lippi
975 2383 1025 2433 120

236 2448 393 2518 compilasse
404 2455 488 2518 putes,
501 2449 611 2503 verbum
622 2464 676 2500 non
686 2448 801 2517 amplius
812 2448 916 2502 addam.

536 2614 665 2667 Sarma
683 2613 721 2668 11.

236 2722 452 2775 Auaraumauu
465 2721 583 2790 collegia,
594 2722 810 2792 pharmacopolae,

235 2790 362 2858 Mendici,
374 2792 470 2871 mimas3
481 2789 636 2871 talamonea,
648 2790 698 2842 hoc
709 2808 793 2871 genus
804 2809 882 2845 omno

235 2857 361 2915 Maestum
371 2877 402 2913 ac
414 2860 556 2912 solhcstum
568 2864 609 2911 est
620 2864 733 2911 cantoris
745 2866 829 2913 morte
842 2860 952 2929 urgelli:
