2409 3317
232 347 285 402 184
482 384 487 391 -
549 344 727 403 nomn.
794 386 796 393 .

231 444 805 521 OolIaju303‘Libsr‚libersun1‚¹dIcage.
842 451 996 522 Nonquis;

231 515 316 586 Urget
327 519 398 571 onim
409 518 530 573 dominus
540 525 657 573 montem
668 537 722 573 non
733 520 799 573 lenis
810 528 838 573 st
850 538 922 574 acres

231 585 369 655 Subjocaat
379 587 447 640 lasso
459 589 578 642 stimulos
589 596 728 657 versatque
739 606 758 641 n
826 594 887 643 tem.

231 652 281 707 vel
294 672 376 724 quum
387 655 516 711 Pausiaca
527 663 622 727 torpes,
634 659 732 724 insana,
744 662 773 710 ia

232 721 283 788 Qui
397 725 486 778 minus
497 736 576 795 atque
587 744 644 795 ego,
657 744 739 794 quum
752 725 831 778 Fulvi
844 726 1011 796 Rutubaequs

232 793 288 845 Aut
323 792 452 847 aoideiani
463 799 588 849 contento
598 795 699 865 poplite
710 795 790 847 miror

230 858 328 915 Prona
338 861 444 916 rubrica
455 863 528 932 picta
538 869 587 916 aut
598 864 716 929 carbona,
729 862 803 916 velut
815 863 838 915 si

230 928 270 982 Re
281 947 343 983 vera
354 937 481 999 pugnent,
493 932 591 984 feriant
603 931 742 999 vitentque
752 938 887 985 moventes

229 999 311 1051 Arma
321 997 390 1052 viri?
424 999 545 1069 Nequam
556 1008 584 1053 ct
594 1006 708 1053 cessator
718 999 824 1065 Davus;
841 1007 870 1054 at
882 1001 938 1071 ipse
970 1006 1023 1054 100

229 1065 340 1120 Subtilis
351 1074 471 1122 veterum
484 1069 563 1121 'udex
574 1075 602 1122 ot
614 1068 726 1122 callidus
736 1069 820 1123 audis

228 1133 276 1187 Nil
287 1153 343 1204 ego,
355 1136 378 1189 ai
389 1136 471 1189 ducor
479 1086 536 1189 Iibo
546 1138 681 1191 firmante:
698 1138 749 1191 tibi
759 1138 853 1205 ingens

229 1203 322 1257 Virtus
333 1211 414 1272 atquo
424 1206 529 1258 animus
540 1206 621 1258 ooenis
631 1212 767 1275 responsat
778 1207 890 1275 opimis?

229 1271 391 1343 Obsequium
402 1274 501 1327 ventris
511 1274 579 1325 mihi
590 1274 760 1358 perniciosius
772 1280 812 1328 est
824 1275 889 1329 curi

228 1338 312 1411 I‘ergo
323 1342 423 1413 plector
435 1343 512 1397 enim.
548 1341 601 1408 Qua
614 1348 646 1395 tu
658 1344 813 1413 impunitior
824 1343 879 1411 illa,

228 1409 294 1474 oue
305 1429 386 1481 parvo
397 1412 467 1465 sumi
477 1418 620 1479 nequount¹
632 1410 738 1466 obsonia
749 1412 858 1481 caprasi

226 1478 329 1562 Nempe
339 1481 534 1535 inamarescunt
546 1480 632 1549 epula
644 1480 700 1535 sine
711 1480 764 1535 fine
776 1482 874 1550 pstitae,

228 1547 356 1619 Illusrque
367 1550 446 1619 pedes
458 1550 582 1603 vitiosum
593 1550 662 1603 ferre
673 1556 796 1604 recusant

227 1616 332 1687 Corpus.
367 1619 466 1673 Anhic
477 1624 578 1689 peccat,
590 1618 638 1671 sub
650 1625 754 1672 noctem
766 1619 811 1688 qui
901 1637 980 1673 uvam

226 1684 338 1741 Funaiva
348 1693 437 1741 mutat
448 1687 562 1757 strigili?
597 1687 651 1751 Qui
661 1636 890 1808 Vaeffimnfflm
966 1693 1017 1742 110

226 1753 273 1807 Nil
285 1754 377 1808 servile
389 1756 458 1823 gulae
470 1773 564 1824 parcns
575 1756 657 1809 habet
708 1755 791 1823 Adde,
804 1774 839 1825 qu
884 1757 954 1810 idem

225 1821 286 1875 Non
297 1824 389 1877 horam
400 1830 489 1876 tecum
500 1841 554 1876 esse
565 1832 647 1893 potes,
659 1842 713 1877 non
724 1825 779 1878 otia
790 1832 860 1879 recte

226 1889 332 1958 Ponere,
344 1898 423 1959 teque
434 1892 521 1961 ipsum
533 1893 609 1959 vitas,
621 1893 753 1961 fugitivus
764 1900 792 1948 et
803 1911 869 1960 erro,

225 1959 289 2012 Jam
301 1960 363 2013 vino
375 1976 500 2029 quarens,
507 1962 566 2029 jam
577 1978 667 2015 somno
679 1962 770 2015 fallere
781 1979 886 2015 curam:

192 2043 195 2047 ·
223 2024 353 2093 rmum
371 2034 1025 2107 namcomosatrapremitsequiturquefugacem”

222 2097 240 2125 ‘⁴
249 2096 326 2175 Unde
337 2097 413 2190 maiar,
417 2096 533 2168 lapidem
540 2099 567 2153 i''
586 2102 736 2166 “Quorsum
749 2111 790 2157 est
801 2120 867 2173 opus
877 2106 904 2158 1”
923 2108 938 2134 “
944 2107 1024 2162 Unio

228 2166 413 2316 “Amavit
424 2235 502 2291 homo
513 2244 665 2292 universus
677 2238 768 2292 facit.'¹
804 2242 908 2295 “Ocius
922 2243 984 2297 hinc
992 2250 1023 2299 te

230 2302 267 2355 Νι
278 2320 359 2372 rapis,
371 2306 478 2359 accedes
490 2322 569 2376 opera
579 2323 643 2375 agro
655 2324 725 2362 nona
737 2309 859 2363 Sabino.'’

499 2486 631 2542 surina
649 2491 729 2546 VIII.

221 2592 237 2620 “
245 2592 287 2645 Ur
300 2593 437 2647 Nasidieni
446 2596 520 2665 juvit
532 2604 560 2651 te
570 2618 645 2655 coena
656 2603 728 2656 beati
737 2604 748 2657 I

221 2658 293 2714 Nam
305 2662 373 2714 mihi
385 2666 513 2731 quoerenti
525 2670 663 2721 convivam
675 2671 762 2726 dictus
774 2673 836 2727 here
849 2674 906 2729 illie

221 2726 263 2781 De
274 2731 362 2783 medio
373 2740 465 2799 potare
477 2734 545 2787 die.”
580 2737 595 2764 “
605 2738 656 2805 Sic,
669 2744 701 2791 ut
712 2742 779 2794 mihi
790 2758 927 2811 nunquam

221 2794 258 2848 In
270 2799 328 2852 vita
338 2800 421 2853 fuerit
432 2802 552 2854 melius.”
587 2806 602 2832 “
611 2806 659 2872 Da,
672 2808 695 2859 si
706 2825 786 2876 grave
798 2828 852 2864 non
864 2823 912 2879 est,

222 2864 287 2928 Quae
299 2868 386 2937 prima
396 2868 496 2923 iratum
508 2878 626 2925 ventrem
638 2874 784 2943 placaverit
796 2879 880 2932 esca’'
