2409 3317
423 388 619 445 CARMINUM
637 388 686 442 lv,
704 392 781 442 3-6.

282 485 379 540 Mersss
391 487 527 556 profundo,
540 487 674 556 pulchrior
686 488 778 541 exiet·
788 508 796 553 ;

278 554 395 622 Lucterc,
407 556 494 609 multu
505 565 612 625 proruet
623 557 757 624 integrum

311 624 377 677 Oum
390 625 468 678 leude
480 625 606 679 victorem
618 633 742 694 geretque

346 693 442 748 Proeln
454 694 610 762 conjugibus
622 694 761 761 loquends.

278 761 431 831 Carthagini
438 765 495 831 jem
508 780 561 815 non
573 780 621 832 ego
633 764 741 816 nuntios

277 830 384 883 Mittam
397 830 527 901 superbos.
564 832 676 899 Occidit,
688 833 785 887 occidit

310 898 374 967 Spes
386 901 470 954 omnis
482 908 509 953 et
521 900 630 954 fortune
641 902 724 954 nostri

345 968 471 1035 Nominis,
485 969 651 1022 Hasdrubale
663 970 829 1041 interempto.

276 1036 320 1087 Nil
334 1035 450 1090 Claudius
462 1055 516 1091 non
528 1038 664 1106 perficient
675 1057 777 1110 monus,

276 1104 345 1167 Quas
357 1112 384 1158 et
396 1106 509 1175 benigno
521 1108 631 1160 numine
642 1109 752 1177 Jupiter

310 1172 435 1228 Defendit
447 1182 474 1229 et
486 1192 555 1228 curre
567 1194 673 1244 sagaces

344 1242 498 1311 Expediunt
509 1261 556 1314 per
568 1252 648 1299 scuta
659 1246 730 1300 belli.

380 1410 529 1463 GARMEN
547 1411 653 1465 V.-s1›
666 1428 826 1467 susurrus.

276 1518 362 1571 Drrrs
375 1524 431 1571 orte
442 1519 524 1587 bonis,
537 1520 635 1588 optime
649 1520 766 1573 Romule

274 1587 366 1640 Custos
377 1587 471 1656 gentis,
484 1588 544 1641 abes
552 1590 611 1656 jem
622 1589 735 1642 nimium
747 1590 806 1644 diu:

274 1655 412 1709 Moturum
423 1657 539 1709 reditum
551 1657 684 1726 pollicitus
695 1666 803 1727 petrum

343 1725 438 1779 Sancto
450 1726 560 1779 concilio
571 1727 635 1780 redi.

273 1794 370 1847 Lucem
381 1795 461 1848 redde
473 1801 533 1863 tun,
546 1796 602 1848 dux
614 1796 688 1864 boue,
701 1799 794 1867 petrico
801 1818 809 1864 ;

273 1863 361 1917 Instar
373 1864 440 1917 veris
452 1864 523 1918 enim
535 1865 626 1919 vuitus
639 1866 684 1918 ubi
696 1873 760 1921 tuus

273 1932 380 1985 Affulsit
392 1933 496 2003 populo,
508 1935 608 2001 gratior
618 1936 642 1988 it
653 1936 709 1989 dies

341 2002 377 2055 Et
389 2002 454 2055 solos
465 2002 559 2056 meiius
571 2004 667 2057 nitent.

273 2070 310 2123 Ut
322 2078 406 2123 meter
414 2073 547 2140 juvenem,
560 2088 638 2140 quem
650 2073 735 2126 Notus
747 2075 837 2128 invido

272 2138 350 2191 rlatu
363 2139 499 2208 Osrpstbii
511 2147 584 2192 treus
596 2142 676 2193 meris
688 2158 792 2211 aequors

271 2208 446 2260 Cunctantem
459 2208 544 2276 spatio
555 2208 660 2276 longius
672 2226 760 2263 annuo

339 2276 421 2329 Duloi
432 2274 542 2330 distinet
554 2294 570 2329 e
581 2277 666 2337 domo.

273 2345 348 2399 Votis
360 2344 542 2414 ominibusque
553 2352 581 2399 et
592 2346 712 2414 precibus
724 2354 807 2414 voest,

269 2415 354 2467 Curvo
366 2430 415 2467 nec
426 2414 520 2467 faciem
532 2414 609 2467 litore
621 2415 752 2482 dimovet;

271 2485 314 2536 Sic
326 2482 461 2536 desideriis
472 2483 526 2536 iots
537 2483 659 2537 fidelibus

340 2553 441 2617 Qunrit
449 2553 537 2621 pstris
549 2552 684 2607 Cererem.

272 2620 355 2673 Tutus
368 2620 414 2674 bos
425 2622 524 2674 etenim
535 2639 597 2676 rurs
609 2623 783 2692 perambulet,

269 2689 362 2741 Nutrit
374 2706 436 2743 rure
448 2691 524 2744 (ieros
536 2691 659 2761 slmnque
671 2692 813 2761 Faustitas,

270 2757 398 2811 Pacatum
410 2757 524 2812 volitent
534 2778 582 2841 per
593 2778 666 2814 mere
677 2762 784 2829 neritoe,

339 2826 447 2895 Gulperi
458 2834 554 2883 metuit
567 2829 660 2895 Fides3

545 2922 558 2941 ¹
573 2916 643 2955 evenit

962 2150 994 2195 lo
