2409 3317
216 350 265 401 108
428 388 431 397 .
526 342 685 399 HORATII

319 448 416 505 Malvee
429 448 545 505 salubres
557 450 659 519 corpori

285 519 335 573 Vel
347 537 416 589 agna
427 520 501 573 iestis
512 536 579 573 caesa
590 517 782 572 Terminalibus

319 589 369 643 Vel
380 589 470 642 haedus
482 595 587 659 ereptus
598 588 669 657 lupo.

284 658 343 710 Has
354 659 425 711 inter
436 659 527 727 epulas
539 664 571 710 ut
579 660 659 726 juvat
670 662 760 727 pastas
771 670 832 709 oves

318 726 414 781 Videre
426 732 594 796 properantes
607 726 721 793 domurn,

283 794 379 850 Videre
387 797 468 849 fessos
480 812 611 850 vomerem
621 795 755 849 inversum
764 793 844 848 boves

317 865 389 918 Collo
401 864 536 918 trahentes
547 864 681 933 languido,

282 934 434 1003 Positosque
446 951 546 1001 vernas,
558 934 622 986 ditis
634 950 745 987 examen
757 932 858 1000 domus,

317 1004 422 1057 Circum
433 1003 582 1056 renidentes
594 1002 688 1056 inres.’'

282 1072 348 1125 Haec
361 1071 408 1125 ubi
419 1071 523 1125 locutus
534 1071 667 1125 fenerator
678 1071 771 1138 Alfius,

316 1141 380 1195 Jam
388 1143 446 1209 jam
457 1141 564 1194 futurus
575 1141 697 1208 rusticus,

280 1208 393 1263 Omnem
405 1209 452 1262 red
487 1210 508 1262 't
520 1209 612 1262 Idibus
624 1210 770 1279 pecuniam,

317 1279 419 1345 Quaerit
431 1279 451 1332 G
479 1278 552 1331 endis
564 1296 667 1349 ponere.

363 1463 513 1518 GARMEN
531 1462 657 1518 Ili-sn
670 1478 857 1516 umcarannn.

280 1564 425 1621 Pannums
438 1568 501 1621 olim
513 1568 536 1620 si
548 1569 607 1638 quis
618 1569 702 1640 impia
713 1586 796 1624 manu

314 1636 402 1690 Senile
414 1643 509 1705 guttur
520 1638 636 1705 fregerit,

279 1704 344 1758 Edit
356 1706 449 1758 cicutis
461 1705 554 1757 allium
566 1706 711 1761 nocentius

316 1773 337 1826 O
350 1774 417 1827 dura
428 1790 571 1826 messorum
583 1774 643 1831 ilia!

281 1841 352 1907 Quid
364 1842 414 1895 hoc
425 1843 520 1894 veneni
532 1844 608 1896 saevit
620 1844 649 1896 in
660 1845 826 1913 praecordiis?

314 1910 387 1963 Num
398 1910 533 1979 viperinus
545 1912 586 1964 his
598 1930 676 1966 cruor

280 1980 404 2033 Incoctus
416 1979 503 2032 herbis
514 1998 557 2033 me
568 1982 683 2037 fefcssiti
701 2000 735 2038 an
747 1983 831 2037 malas

314 2048 425 2102 Canidia
437 2051 563 2104 tractavit
575 2052 674 2121 depesi

279 2118 317 2171 Ut
326 2118 493 2187 Argonautas
506 2126 602 2189 prater
613 2139 702 2176 omncs
714 2122 857 2175 candidum

314 2187 408 2241 Medea
420 2188 517 2242 mirata
528 2196 568 2243 est
580 2191 683 2258 ducem,
970 2193 1002 2242 10

280 2256 378 2325 Ignota
389 2257 473 2311 tauris
485 2258 652 2327 illigatumm
659 2264 728 2330 juga

314 2326 445 2379 Perunxit
456 2326 506 2379 hoc
519 2328 656 2393 Iasonem

280 2396 338 2448 Hoc
350 2394 476 2447 delibutis
488 2396 546 2449 ulta
558 2397 633 2450 donis
646 2398 767 2468 pellicem

313 2463 439 2532 Serpente
451 2463 523 2531 fugit
535 2464 606 2518 alite.

277 2532 304 2585 N
305 2548 333 2584 ec
346 2536 438 2584 tantus
451 2547 568 2599 unquam
581 2535 697 2587 siderum
708 2535 806 2589 insedit
819 2552 900 2604 vapor

313 2597 462 2652 Siticnlosae
476 2599 587 2668 Apuliae,

278 2668 335 2721 Nec
346 2684 444 2719 munus
455 2668 572 2721 humeris
584 2669 696 2723 efficacis
709 2672 831 2725 Herculis

314 2734 413 2787 inarsit
424 2736 568 2789 aestuosius.

278 2804 322 2863 At.
336 2804 435 2871 siquid
448 2821 566 2872 unquam
578 2804 632 2857 tale
645 2808 831 2877 concupiveris,

312 2872 407 2925 Jocose
419 2872 556 2940 Maecenas,
570 2890 668 2943 precor,
907 2940 909 2944 ¹
970 2882 1000 2931 20
