2409 3317
222 294 272 349 112
532 302 686 361 HORA'HI

316 405 420 459 Tellure
432 412 551 477 porreeti
563 424 648 476 super,
973 410 1009 459 80

281 473 367 538 Quam
378 493 432 528 non
444 493 531 529 umore
543 476 580 528 sio
591 493 649 528 meo
661 475 755 545 flagres
765 478 808 530 uti

315 543 440 597 Bitumen
452 545 517 597 stris
528 544 696 613 ignibus.”-

279 610 334 664 Sub
345 613 402 665 haeo
413 630 478 682 puer
486 614 544 681 Jur'n
555 630 609 665 non
620 619 653 666 ut
663 618 727 667 onte
737 614 861 667 mollibus

313 680 407 735 Lenire
418 681 504 735 verbis
515 682 618 750 hupins,

279 747 330 801 Sed
343 749 438 803 dubius
450 751 521 803 unde
532 757 668 819 rumperet
679 751 814 805 silentium

313 819 391 872 Misit
403 820 544 887 Thyesteas
556 836 661 887 preoss:

278 887 292 913 “
301 885 409 940 Venena
420 904 547 955 magnum
558 888 598 939 fos
611 887 737 953 nefasque
748 903 803 940 non
814 888 903 941 volent
1012 916 1018 922 ·

311 953 465 1007 Oonvertere
477 955 622 1007 humanam
633 956 735 1020 viosm3

274 1022 346 1075 Diris
358 1041 436 1091 ugnm
447 1041 509 1087 vos;
527 1023 585 1075 dira
597 1024 738 1077 detestatio

310 1091 392 1144 Nullo
404 1092 527 1160 expiatur
537 1092 653 1145 victims
963 1112 999 1156 90

274 1160 352 1226 Quin,
365 1160 411 1212 ubi
423 1161 506 1229 perire
514 1162 605 1228 jussus
615 1162 789 1230 exspiratum,

307 1229 459 1283 Nocturnus
471 1246 606 1282 occurram
617 1229 691 1284 furor

273 1297 417 1367 Petamque
428 1299 519 1352 vultus
532 1298 624 1352 umbra
635 1300 722 1352 curvis
733 1301 874 1370 unguibus,

308 1367 373 1431 Quae
386 1368 426 1421 vis
437 1368 553 1420 Deorum
565 1374 606 1421 est
616 1369 742 1436 manium,

272 1435 308 1489 Iot
319 1437 445 1507 inquietis
457 1437 572 1490 assidens
584 1437 734 1506 proeoordiis

307 1504 407 1559 Pavore
419 1523 520 1559 somnos
533 1507 657 1559 sussum.

270 1573 324 1626 Vos
335 1575 413 1627 turbo
424 1575 533 1628 vicatim
544 1574 608 1627 hinc
620 1581 647 1627 et
658 1574 722 1627 hine
734 1574 805 1627 saxis
817 1581 910 1643 petens

305 1643 455 1696 Oontrmdet
466 1644 598 1695 obseoenss
611 1659 684 1695 unus.

269 1710 333 1763 Post
345 1711 478 1780 insepulto
489 1710 607 1763 membro
618 1710 740 1764 different
751 1712 809 1782 lupi

303 1779 339 1832 Et
351 1779 495 1847 Esquilinus
507 1778 598 1842 alitem
940 1786 991 1835 100

267 1847 293 1900 N
293 1865 307 1901 e
325 1865 360 1902 ue
371 1849 421 1900 hoo
433 1852 554 1916 parentes
565 1848 619 1899 heu
629 1847 697 1900 mihi
709 1850 861 1919 superstites

301 1866 432 1985 Effugerit
444 1915 649 1985 spectaculum

369 2085 519 2139 OARMEN
536 2083 653 2141 VL-ns
666 2101 812 2141 1n1uroou.

265 2198 342 2259 Qum
354 2198 521 2251 immerentes
532 2197 553 2249 h
599 2196 650 2249 itos
661 2212 742 2249 vexas
753 2195 827 2247 ornis

299 2268 414 2334 Ignarus
426 2267 566 2320 adversum
588 2264 671 2334 nposi

263 2335 336 2397 Quin
347 2336 400 2388 huo
412 2336 511 2402 inanes,
524 2335 546 2385 si
558 2341 640 2404 potes,
652 2333 733 2387 vertis
744 2333 837 2399 mines,

298 2404 334 2455 Et
345 2420 387 2455 me
399 2419 573 2455 remorsurum
585 2404 661 2472 petis.

261 2471 287 2524 N
288 2488 331 2524 sm
343 2471 427 2551 qualis
439 2476 487 2523 sut
499 2471 630 2523 Molossus
642 2476 689 2524 sut
701 2470 792 2523 fulvus
803 2470 898 2537 Iseon,
937 2513 940 2519 .

296 2540 389 2591 Ammo
400 2538 440 2590 vis
451 2537 607 2606 pastoribus,

259 2607 347 2675 Agam
359 2622 406 2675 per
417 2606 485 2659 ultas
497 2622 560 2658 sure
572 2606 677 2660 subluis
687 2609 769 2677 nives,

296 2674 470 2741 Quaeounque
481 2674 612 2742 proeoedet
623 2676 692 2727 fers:

259 2742 300 2796 Tu
320 2758 403 2810 quum
414 2741 533 2795 timendo
544 2757 608 2793 vooo
618 2743 755 2811 eomplesti
766 2761 867 2811 nemus,

292 2784 443 2878 i’rojeotum
455 2808 569 2863 odoraris
581 2809 678 2864 eibum.
948 2817 980 2867 10
