2409 3317
412 358 556 414 EPODON
574 358 681 413 OARM.
701 361 809 411 10-12.
961 353 1015 410 11?

286 463 338 516 Ubi
350 463 407 516 haec
420 480 524 515 severus
536 468 564 515 te
575 462 665 531 palum
676 462 854 528 leudoveram,

321 534 341 586 J
343 550 416 585 usus
429 531 501 584 obire
511 532 620 584 domum
632 531 735 584 fereber
746 532 846 583 incerto
858 532 926 601 pede
979 535 1015 583 20

286 602 328 655 nd
340 619 393 654 non
404 601 509 667 amicos,
521 600 591 653 heu!
613 600 680 651 mihi
711 606 779 653 ostes
791 605 818 651 et
830 599 883 653 heu

321 670 425 723 Limine
437 670 512 737 durs,
523 669 619 739 quibus
631 669 687 721 lum
721 687 733 721 s
745 674 773 721 et
784 669 881 738 infregi
893 669 971 723 intus.

287 738 366 791 Nunc
378 739 516 807 gloriantis
529 737 676 807 quamlibet
687 738 870 790 mulierculam

322 808 433 861 Vincere
445 807 557 859 mollitie
568 824 642 859 emor
653 806 756 875 Lycisci
766 823 810 859 me
819 812 895 860 tenet
904 826 911 872 ;

288 877 365 930 Unde
377 877 501 945 expedire
513 893 566 929 non
578 876 723 928 amicorum
735 881 834 957 queant

322 945 417 998 Libere
428 944 537 997 consilio
549 962 597 997 nec
610 944 777 997 contumelroe
788 962 889 1013 graves,

288 1013 339 1067 Sed
351 1014 419 1067 elius
431 1014 509 1067 ardor
521 1020 568 1066 out
599 1014 677 1065 uellae
689 1013 808 1065 cendidae

323 1083 379 1136 Aut
390 1083 481 1136 teretis
492 1082 567 1152 pueri
579 1031 686 1151 Hrngem
697 1081 849 1135 renodantis
862 1100 970 1136 comem

319 1298 468 1353 cARMuN
485 1299 615 1354 XII.—rr
628 1315 710 1354 trux
722 1316 918 1354 nrrrnrnosnrr.

257 1424 332 1487 Qum
345 1424 395 1476 tibi
406 1422 455 1490 vis,
466 1423 562 1506 mulier¹
572 1424 657 1505 nigris
669 1424 823 1493 dignissime
833 1423 936 1477 burris?

291 1491 405 1544 Munere
434 1492 481 1543 uid
493 1492 560 1544 mihi
572 1493 669 1560 qurdve
680 1492 792 1546 mbollss

259 1560 349 1613 Mittis
361 1577 409 1613 nec
416 1510 496 1613 ffirmo
504 1561 598 1629 juveni
610 1578 696 1630 neque
708 1562 778 1614 neris
790 1561 891 1614 obesset

292 1629 319 1682 N
319 1646 416 1698 nmque
428 1630 547 1697 sagacius
559 1646 628 1682 unus
641 1630 739 1697 odoror,

259 1698 375 1767 Polypus
382 1716 422 1771 'en
434 1698 522 1766 grnris
534 1698 644 1751 hirsutis
656 1699 734 1752 cubet
745 1699 834 1752 hircus
846 1699 875 1751 in
887 1698 944 1767 elis,

294 1768 380 1832 Quem
392 1768 464 1820 cenis
476 1784 543 1834 scer,
555 1767 602 1820 ubi
613 1768 697 1821 leteet
709 1786 761 1822 sus.

259 1836 324 1901 Quis
336 1837 415 1890 sudor
426 1837 503 1890 vietis
515 1842 542 1889 et
554 1853 635 1905 quem
647 1838 732 1890 molus
744 1837 861 1907 undique
870 1837 996 1890 membris

296 1906 394 1959 Crescit
404 1906 474 1973 odor,
488 1922 571 1973 quum
583 1923 650 1975 pene
662 1907 747 1959 soluto

261 1974 421 2027 Indomitum
432 1980 555 2043 properet
565 1975 666 2027 rabiem
676 1976 780 2037 sedore3
797 1992 883 2044 neque
895 1974 936 2026 illi

296 2044 359 2096 Jem
371 2049 462 2095 menet
474 2044 584 2096 humide
596 2050 669 2096 crete
680 2044 801 2112 colorque
988 2045 1018 2096 lo

261 2110 379 2165 Stercore
390 2112 496 2164 fucetur
507 2112 636 2177 crocodili,
645 2113 753 2179 jamque
765 2111 883 2164 subando
969 2148 973 2155 ·

296 2180 381 2233 Tente
393 2179 491 2233 cubilis
502 2186 624 2248 tectaque
635 2181 750 2249 rumpit!

263 2248 312 2301 Vel
323 2265 384 2301 men
395 2265 477 2330 quum
489 2248 564 2302 sceris
576 2248 663 2315 agitet
674 2248 783 2301 fastidia
793 2246 891 2302 verbis:
998 2286 1002 2293 ι

298 2318 313 2347 “
321 2316 431 2370 Inechre
443 2318 552 2386 langues
563 2318 653 2368 minus
664 2334 696 2369 ec
707 2334 768 2381 me;

264 2385 401 2439 Inachiam
413 2390 454 2437 ter
465 2390 542 2437 nocte
553 2389 635 2455 potes,
646 2385 713 2437 mihi
725 2402 827 2454 semper
837 2384 873 2439 cd
883 2402 969 2438 unum

298 2453 387 2507 Mollis
399 2470 471 2523 opus.
507 2453 601 2506 Pereat
612 2453 689 2521 mele,
701 2471 761 2523 qun
773 2462 802 2508 te

264 2522 358 2575 Lesbis
369 2522 498 2591 querenti
510 2529 619 2575 courum
629 2523 787 2577 monstravit
798 2524 925 2588 inertem}

300 2591 388 2654 Quum
399 2592 466 2644 mihi
478 2591 545 2645 Cous
557 2592 661 2645 adesset
672 2592 810 2660 Amyntas,

266 2659 346 2727 Cujus
358 2659 387 2712 in
398 2659 526 2713 indomito
538 2660 700 2714 constantior
711 2661 821 2729 inguine
832 2676 930 2714 nervus

301 2728 387 2791 Quem
398 2745 467 2781 nore
479 2729 588 2782 collibus
600 2728 806 2783 arborinhteret
990 2731 1024 2779 20

266 2795 414 2849 Murioibus
426 2797 511 2865 Tyriis
522 2797 626 2851 iteretur
638 2797 736 2850 vellere
746 2797 815 2850 inne

302 2865 352 2919 cui
362 2864 587 2935 properebcnturt
622 2865 683 2919 ribi
693 2882 795 2935 nempe,
