2409 3317
243 354 294 405 170
563 353 717 409 noussss

240 451 355 519 Porrigis
367 451 434 503 into
446 469 525 519 puero
537 467 620 518 quum
632 466 717 518 perne,
729 458 845 503 recuset:

241 519 258 546 “
267 516 353 586 Sume,
366 520 491 576 estruet’
514 522 625 590 Neget3
642 520 730 573 sinen
742 519 795 585 des,
807 526 898 588 optet:
916 524 1029 571 amator

240 588 371 642 Exclusus
383 590 431 657 qui
443 591 532 659 distet,
544 592 601 660 egit
611 591 660 645 ubi
672 608 768 657 secum,
780 597 831 657 set,
843 608 880 644 sn
890 608 953 656 uon,
982 595 1041 645 260

242 658 299 723 Quo
311 658 444 713 rediturus
456 667 512 714 erut
523 678 576 713 non
588 660 734 725 nscessituu
746 666 773 712 st
784 658 867 713 heret

241 725 337 780 Invisis
347 727 463 782 icribusi
482 728 529 781 “N
530 747 559 783 ee
571 726 667 796 nunc¹‚
679 745 764 797 quum
775 746 819 783 me
831 733 909 782 vocet
921 728 1006 796 ultro,

240 795 389 849 Accedam?
407 815 442 850 un
454 798 540 869 petius
552 797 664 850 mediter
675 798 751 851 finire
762 797 880 852 dolores't

241 866 381 931 Exclusit;
399 872 521 921 revocet:
538 864 663 917 redeunti
680 863 783 931 Ncn,si
798 862 938 919 ebwcretff'
964 862 1042 919 Eece

241 934 337 989 Servus
350 952 402 989 uon
414 934 503 1003 paulic
515 932 675 1001 sapientior:
693 933 708 959 “
719 932 741 986 0
752 931 821 997 here,
834 950 893 1001 quae
904 950 946 986 res

239 1000 295 1054 Nec
306 1001 414 1055 medum
425 1000 505 1055 hebet
517 1016 600 1067 neque
613 998 759 1065 consilium,
770 1000 873 1059 retiene
884 1000 1016 1069 modoque

238 1068 357 1123 Tractsri
369 1088 422 1123 nen
434 1070 499 1123 vult.
535 1067 568 1121 In
580 1085 667 1121 emere
679 1068 737 1121 huc
747 1074 811 1121 sunt
823 1068 901 1136 mnis,
912 1068 1023 1137 bellum,

239 1138 298 1191 Pax
309 1156 427 1191 rursum:
445 1137 500 1191 haec
513 1136 535 1191 si
547 1137 608 1205 quis
619 1138 783 1205 temperetis
794 1154 875 1208 prope
886 1137 941 1192 ritu

240 1206 350 1260 Mobilis
361 1213 389 1259 et
400 1224 469 1261 eaecs
480 1206 616 1259 fluitantis
626 1213 696 1258 sorte
707 1205 808 1260 laboret

240 1275 358 1329 Reddere
369 1282 441 1329 certe
453 1275 510 1343 sibi,
522 1274 606 1328 nihilo
618 1275 679 1344 plus
691 1274 813 1344 explicet,
826 1292 857 1329 sc
869 1275 893 1329 si
979 1275 1037 1329 270

240 1345 358 1399 Inssnire
370 1351 445 1415 peret
456 1350 530 1399 ceris
540 1344 643 1397 ratione
654 1342 808 1412 modoque”

240 1414 317 1481 Quid,
330 1430 412 1484 quum
424 1413 527 1467 Picenis
539 1430 682 1482 excerpens
693 1413 793 1466 semina
804 1412 888 1482 pomis

240 1484 349 1552 Gaudes,
362 1484 384 1537 si
396 1500 525 1537 summm
537 1482 652 1551 percusti
664 1482 739 1549 forte,
751 1499 831 1551 penes
842 1489 870 1537 te
881 1481 926 1537 est

240 1552 317 1619 Quid,
330 1570 413 1622 quum
424 1552 503 1607 belbe
514 1551 577 1604 feris
589 1568 686 1603 uunoee
699 1549 779 1604 verbs
790 1550 887 1619 palute,

239 1620 398 1675 AEditicunte
410 1638 482 1675 ceses
495 1620 542 1689 qui
555 1618 659 1673 senior?
677 1619 753 1672 Adde
764 1636 882 1673 cruorem

239 1689 366 1743 Stultitiae
379 1696 458 1759 utque
469 1690 558 1757 ignem
570 1688 659 1758 gladio
668 1694 791 1742 scrutere
817 1688 904 1758 Medo,
913 1688 1033 1758 inquam,

240 1758 354 1813 Hellede
365 1775 488 1828 percussu
499 1756 600 1809 Marius
613 1774 694 1827 quum
706 1757 856 1828 precipitat
868 1775 903 1825 se,

240 1826 357 1880 detritus
368 1826 440 1880 fuiti
458 1843 493 1879 sn
505 1831 641 1879 commotu
653 1827 763 1879 crimine
774 1827 871 1881 mentis

239 1895 365 1950 Absolves
377 1894 509 1949 hominem
521 1899 548 1947 st
560 1894 664 1949 sceleris
675 1894 812 1949 dsmnsbis
823 1895 945 1962 eundem,

240 1962 282 2015 Ex
294 1981 365 2016 more
377 1964 513 2032 imponens
525 1971 639 2032 cognate
650 1964 778 2018 vocabule
789 1964 884 2018 rebusi
979 1966 1034 2017 280

239 2031 391 2087 Libertinur
403 2037 467 2100 erut,
479 2032 526 2100 qui
538 2032 638 2085 drcum
649 2033 765 2102 compita
776 2033 860 2087 siccus

241 2101 334 2154 insutis
345 2115 422 2152 mnne
435 2114 514 2151 senex
524 2099 647 2151 menibus
658 2100 787 2166 cumbet,
799 2106 833 2165 et,
846 2100 861 2127 “
869 2098 966 2165 Unum,
976 2126 1013 2139 ·-

244 2169 316 2231 Quid
323 2174 379 2222 tam
386 2165 531 2235 magnum?
548 2166 775 2234 addens-unum
781 2184 824 2219 me
831 2167 931 2237 surpite
938 2167 1017 2221 morti
1027 2172 1033 2223 i

241 2237 291 2294 Dis
303 2237 402 2291 etenim
413 2234 491 2289 fusile
502 2234 565 2301 est,”
577 2235 668 2289 erubet
678 2255 686 2302 3
702 2253 781 2290 senus
793 2236 911 2305 utrisque

241 2302 357 2356 Auribus
369 2309 450 2373 atque
462 2302 544 2357 oculis
550 2322 559 2369 ;
575 2309 698 2370 mentem,
710 2304 763 2357 nisi
774 2304 912 2375 litigiosus,

242 2370 384 2441 Exciperet
391 2372 519 2439 dominus,
528 2388 612 2440 quum
620 2372 751 2426 venderet.
761 2372 819 2427 Hoc
826 2391 930 2444 queque
937 2373 1033 2445 vulgus

242 2439 933 2584 simi

379 2553 387 2579 i

245 2580 334 2634 Mater
345 2581 383 2634 eit
395 2599 470 2649 pueri
482 2598 583 2635 menses
592 2582 778 2662 jamquinque
790 2582 919 2650 cubantis,

246 2650 261 2677 “
271 2650 379 2719 Frigida
391 2650 413 2701 si
425 2666 538 2717 puerum
549 2656 680 2727 quartana
692 2650 836 2720 rehquerit,
848 2651 895 2705 ille
986 2653 1039 2705 290

245 2716 326 2770 Mune
339 2717 389 2782 die,
402 2734 453 2785 quo
466 2721 497 2769 tu
509 2716 603 2769 indicis
612 2719 723 2786 jejunis,
735 2720 823 2773 nudus

247 2784 283 2837 In
295 2784 383 2839 Tiberi
394 2782 499 2839 stubit.”
535 2785 616 2843 Casus
627 2786 778 2841 medicusve
790 2788 885 2843 levarit

580 2869 592 2903 k
607 2870 641 2911 Ns
651 2884 707 2912 nunc
