2409 3317
237 332 269 381 lo
556 333 708 387 HORA'l'II

304 439 360 493 Nee
372 438 509 493 Martiales
520 438 655 491 Haediliae'
667 440 694 492 lu
730 459 749 502 s,
1105 491 1109 500 ,

304 509 446 577 Utcunque
458 508 538 575 dulei,
550 509 673 576 Tyndari,
704 510 776 562 stula
995 516 1026 563 10

340 578 429 630 Valles
441 583 468 631 et
480 578 578 631 Ustica
589 578 711 630 cubantis

372 646 453 699 Levia
463 662 619 715 personuere
631 662 702 701 saxa

302 715 338 767 Di
350 730 393 767 me
404 720 522 781 tuentum,
534 714 586 768 Dia
596 715 682 785 pietas
693 732 752 768 mea

303 783 339 835 Ile
351 783 429 836 Musa
440 783 512 836 oordi
524 789 571 836 est.
607 784 660 836 Hie
672 783 723 837 tibi
733 785 809 853 eopia

335 851 458 905 Manebit
469 852 504 905 ad
515 852 624 921 plenum
635 851 748 921 benigno

371 921 450 973 Ruris
461 921 590 974 honorum
601 938 617 973 o
636 922 728 975 ulenta
740 939 827 977 eornu

303 988 355 1043 Hie
366 989 396 1042 in
406 990 516 1043 reducta
527 990 596 1043 valle
667 991 741 1044 'culn

301 1056 406 1111 Vibabis
417 1063 499 1111 sertus
510 1067 537 1111 et
548 1058 600 1111 fide
612 1058 678 1113 leia

334 1126 413 1180 Diees
424 1127 572 1181 laborantes
583 1128 614 1180 in
625 1143 678 1181 uno

370 1195 519 1264 Penelopen
530 1196 694 1264 vitreamque
705 1197 804 1253 cireen.
990 1206 1024 1253 20

301 1263 353 1317 Hie
364 1264 511 1317 innoeentis
522 1265 618 1333 pomula
629 1264 716 1318 Isesbii

299 1333 386 1386 Duces
398 1333 446 1385 sub
458 1332 565 1398 umbra3
582 1349 633 1386 nee
645 1333 786 1387 Semeleius

334 1401 400 1455 (ium
410 1401 499 1455 Marte
510 1401 654 1455 eonfimdei
666 1403 804 1472 Thyoneus

368 1470 473 1538 Prrelia,
484 1487 533 1523 neo
544 1477 647 1525 metues
658 1480 810 1541 protervum

299 1538 426 1609 Suspecta
438 1538 543 1608 (iprum,
554 1557 589 1593 ne
599 1540 669 1593 male
681 1542 780 1611 dispari

299 1609 497 1662 Ineontinentes
507 1609 612 1678 injiciat
622 1627 716 1664 manus

334 1678 368 1731 ut
380 1678 483 1730 scindet
494 1677 639 1731 haerenbem
650 1696 772 1734 eoronam

367 1745 489 1799 Crinibus
499 1746 710 1818 immeritamque
721 1754 827 1801 vestem

299 1913 449 1967 OARMEN
466 1914 515 1967 XV
517 1914 643 1969 Ill-sn
655 1930 828 1978 oumrrmorr
841 1931 949 1970 venun.

229 2014 358 2084 Numen,
371 2018 448 2084 Vere,
461 2035 534 2071 saera
546 2020 601 2071 vite
613 2019 687 2087 prius
699 2018 794 2071 severis
806 2017 924 2072 arborem

228 2088 303 2140 Oirea
313 2088 379 2140 mite
392 2087 476 2139 solum
488 2087 592 2140 Tiburis
604 2093 632 2138 et
643 2087 741 2139 moenia
752 2086 841 2141 Catili.

227 2156 309 2208 Sieeis
321 2157 410 2209 omnia
421 2172 484 2209 nam
496 2156 564 2207 dure
575 2153 647 2206 Deus
676 2156 795 2223 reposuit
805 2172 892 2224 neque

173 2238 177 2247 ·
226 2224 363 2278 Mordaees
376 2225 454 2278 aliter
465 2223 611 2291 diffugiunt
623 2240 650 2275 so
673 2223 821 2277 'citudines

227 2294 291 2357 Quis
300 2299 360 2362 post
368 2294 432 2346 vina
440 2309 548 2361 gravem
557 2291 682 2345 militiam
691 2299 739 2345 aut
747 2293 901 2363 pauperiem
909 2296 1019 2363 erepat?

227 2363 291 2426 eris
303 2379 356 2415 non
365 2368 392 2415 te
401 2362 497 2430 potius,
507 2360 611 2413 Bacche
619 2367 702 2430 pater,
711 2368 797 2430 mque,
806 2362 902 2415 decena
910 2362 1019 2415 Venus?

226 2432 270 2497 Ab,
282 2448 316 2483 ne
328 2431 388 2500 quis
399 2429 496 2482 modici
508 2429 641 2481 transiliat
653 2447 764 2483 munera
775 2429 870 2497 Liberi,

225 2499 372 2552 Centaurea
382 2504 473 2551 monet
484 2514 546 2549 eum
557 2496 679 2567 lapithis
690 2499 751 2551 rixa
761 2515 839 2568 super
849 2516 922 2552 mero

226 2566 372 2635 Debellaba,
383 2572 472 2619 monet
484 2566 612 2620 Sithoniis
624 2583 678 2619 non
690 2567 756 2620 levis
767 2568 858 2637 Euius,

225 2636 315 2700 Quum
326 2635 367 2688 fas
379 2641 460 2703 abque
471 2634 546 2687 nefas
557 2636 656 2704 exiguo
667 2636 720 2689 fine
731 2635 874 2690 libidinum
984 2642 1018 2691 10

224 2702 386 2757 Diseernunb
396 2703 476 2756 avidi.
511 2702 571 2756 Non
583 2720 633 2771 ego
643 2710 679 2772 te,
691 2706 802 2759 candide
813 2706 950 2773 Bassareu,

225 2770 346 2822 Invitum
357 2772 475 2838 quatiam
485 2786 535 2824 nee
546 2772 628 2825 variis
638 2771 724 2827 obsita
735 2775 871 2829 frondibus

561 2869 569 2890 '
582 2866 669 2909 aarum
