2409 3317
512 358 665 413 ΗΟΒΑΤΙΙ

255 462 425 517 Delectabere
437 462 509 515 tibiae

290 532 385 584 Mixtis
397 531 557 585 carminibus
568 549 622 585 non
634 532 690 585 sine
701 532 807 596 listula;

256 600 315 653 Illic
327 600 366 651 bis
378 601 454 669 pueri
466 602 510 653 die

288 669 394 722 Numen
406 687 468 722 cum
479 670 576 724 teneris
588 669 737 737 virginibus
748 675 827 723 tunm

253 738 404 792 Laudantes
416 738 481 806 pede
493 738 606 791 candido

288 807 322 860 In
333 824 431 859 morem
444 807 544 861 Salium
555 814 596 859 ter
608 808 730 877 quatient
742 808 860 860 humum,

253 876 298 928 Me
309 893 358 928 nec
370 875 469 929 femina
480 894 529 929 nec
541 894 608 945 puer

288 945 411 998 Jcmneo
424 962 481 1013 spes
493 946 576 997 animi
587 944 694 998 credula
705 946 801 1011 mutui,
942 953 976 999 30

252 1013 279 1066 N
279 1031 309 1067 ec
321 1020 421 1066 certare
428 1016 509 1082 juvat
520 1031 599 1081 moro,

287 1083 312 1134 N
314 1099 343 1135 oc
354 1082 454 1136 vincire
466 1084 540 1135 novis
552 1090 670 1151 tempora
682 1082 798 1135 floribus.

253 1150 306 1205 Sed
318 1169 366 1203 cur
377 1151 437 1217 heu,
449 1152 582 1219 Ligurine,
595 1168 643 1203 our

287 1219 381 1271 Manat
392 1236 452 1271 rora
464 1237 535 1277 meas
546 1220 655 1273 lacrima
666 1238 713 1289 per
724 1222 823 1289 genasl

254 1288 306 1340 Gur
317 1288 433 1341 facunda
445 1305 540 1356 parum
552 1288 644 1341 decoro

287 1356 362 1409 Inter
373 1356 452 1410 verba
464 1358 535 1409 cadit
547 1357 640 1425 lingua
652 1358 773 1412 silentiol

252 1426 396 1479 Nocturnis
407 1442 456 1493 ego
467 1427 574 1479 somniis

286 1495 306 1547 J
306 1512 349 1547 am
362 1500 469 1563 captum
481 1501 564 1563 teneo,
573 1498 631 1565 jam
643 1498 775 1550 volucrem
788 1514 880 1564 sequor

251 1563 287 1615 ue
318 1582 346 1615 er
357 1564 477 1632 gramina
488 1564 581 1618 Martii

307 1634 425 1701 ampite
437 1650 484 1701 per
495 1650 583 1703 aquae,
596 1634 668 1702 dure,
681 1633 815 1688 volubiles.
939 1641 973 1685 4131

297 1846 447 1901 uARsfflu
465 1848 576 1901 II.-sn
590 1866 684 1904 vunnu
697 1866 855 1904 usnemun.

251 1972 406 2027 anossnrs
419 1975 538 2043 quisquis
551 1976 641 2029 studet
652 1977 777 2044 aemulari,

250 2042 270 2096 J
271 2042 321 2111 ule,
334 2044 427 2096 ceratis
439 2061 488 2112 opo
500 2044 624 2097 Daedalea

249 2110 353 2165 Nititur
364 2114 457 2181 pennis
469 2114 553 2167 vitreo
565 2114 679 2167 daturus

263 2250 264 2253 Ἴ
318 2182 433 2235 Nomius
444 2189 532 2252 ponto.

248 2248 341 2305 Monte
353 2252 492 2305 decurrens
504 2252 579 2305 velut
590 2253 684 2319 amnis,
696 2253 793 2306 imbres

249 2317 334 2383 Quem
346 2337 424 2389 super
435 2328 511 2375 notos
523 2321 613 2375 aluere
624 2322 705 2391 ripas,

249 2386 346 2455 Fervet
356 2389 552 2457 immensusque
563 2391 620 2443 ruit
630 2391 762 2459 profundo

318 2456 448 2510 Pindarus
461 2475 510 2525 ore,

248 2522 351 2577 Isaurea
363 2526 501 2578 donandus
512 2526 667 2594 Apollinari,

248 2590 301 2645 seu
312 2610 359 2661 per
371 2594 482 2646 audaces
494 2612 563 2648 nova
575 2594 755 2663 dithyrambos
936 2600 969 2647 10

248 2659 336 2714 Verba
348 2661 464 2716 devolvit
475 2664 643 2731 numerisque
654 2666 739 2716 fertur

319 2730 388 2797 Iege
401 2731 505 2794 solutis3

248 2796 300 2850 Seu
311 2797 379 2850 Deos
391 2816 496 2865 regesve
509 2800 588 2866 canit,
601 2800 717 2852 Deorum

248 2864 417 2935 Ssngvnnem,
429 2884 476 2936 per
488 2883 551 2936 quos
563 2868 679 2921 cecidere
687 2870 763 2935 justa
