2409 3317
531 324 688 381 Hortum

398 444 547 503 OARMEN
565 446 671 503 X.-sr>
684 464 824 505 nrcrurusr.

287 540 409 595 Rnorrus
421 544 500 609 vives,
513 544 606 609 Licini,
619 560 703 613 neque
715 544 800 598 cltum

285 611 393 680 Semper
406 613 522 680 urgendo
533 629 628 681 neque,
640 613 704 665 dum
717 614 843 682 procellas

286 681 384 735 Cautus
396 681 530 749 horrescis,
541 681 655 734 nimium
666 683 808 752 premendo

353 750 430 802 Iritus
441 750 570 819 iniquum.

285 820 399 873 Auream
412 820 530 888 quisquis
541 819 751 873 mediocritatem

284 888 388 957 Diligit,
401 895 475 941 tutus
488 894 560 941 caret
572 887 682 941 obsoleti

284 957 410 1012 Sordibus
422 958 494 1023 tecti,
506 962 579 1009 cenet
589 956 735 1010 inridenda

355 1026 460 1079 Sobrius
471 1025 540 1078 aula

284 1095 386 1164 Soepius
399 1094 485 1148 ventis
497 1095 616 1163 agitatur
626 1093 720 1161 ingens

283 1165 366 1217 Pinus
377 1171 405 1216 et
417 1163 493 1215 celsae
505 1162 624 1230 graviore
636 1180 699 1214 casu
974 1172 1006 1219 10

283 1234 418 1285 Decidunt
430 1237 515 1283 turres
528 1230 679 1298 feriuntque
691 1248 806 1285 summos

354 1301 472 1369 Fulgura
483 1307 592 1352 montes.

284 1370 378 1439 Sperat
389 1370 500 1436 infestis,
512 1368 610 1421 metuit
622 1369 743 1422 secundis

284 1440 404 1493 Alteram
416 1446 511 1491 sortem
523 1438 589 1491 bene
601 1446 782 1507 praeparatum

283 1508 387 1565 Pectus.
425 1509 553 1562 Iniormes
564 1508 664 1561 hiemes
675 1508 777 1563 reducit
1118 1573 1119 1580 ἵ

353 1578 469 1647 Jupiter,
480 1578 552 1631 idem
1118 1589 1119 1626 l

284 1646 443 1701 Summovet.
479 1648 546 1713 Non,
559 1646 662 1699 simale
674 1663 753 1713 nunc,
765 1654 793 1701 et
805 1649 868 1701 olim
1000 1684 1023 1713 v

283 1715 327 1769 Sic
339 1716 396 1768 erit.
433 1715 572 1782 Quondam
584 1716 686 1767 cithara
697 1722 831 1769 tacentem

284 1785 401 1837 Suscitat
412 1800 516 1835 musam
527 1799 613 1849 neque
625 1801 726 1851 semper
738 1800 830 1836 arcum

353 1851 449 1905 Tendit
461 1849 561 1919 Apollo.
971 1858 1006 1905 20

285 1921 372 1975 Rebus
384 1922 504 1988 angustis
516 1920 648 1972 animosus
660 1923 740 1988 atque

284 1991 371 2045 Fortis
382 2006 494 2059 appare;
512 1989 645 2057 sapienter
657 1988 727 2040 idem

285 2059 427 2113 contrahes
439 2064 518 2111 rento
530 2058 645 2109 nimium
655 2058 770 2114 secundo

354 2128 471 2196 Turgide
481 2128 548 2181 vela,

376 2262 527 2318 GARMEN
545 2256 669 2318 XL-sn
682 2280 834 2326 commun.
917 2282 921 2289 ·

286 2356 360 2421 Qun>
371 2356 510 2408 bellicosus
522 2354 653 2407 Cantaber
664 2359 692 2406 et
703 2353 823 2421 Scythes,

285 2426 399 2494 Hirpine
412 2424 512 2490 Quinti,
524 2424 631 2489 cogitet,
644 2422 745 2476 Hadria

319 2494 426 2547 Divisus
438 2492 547 2561 objecto,
559 2492 679 2544 remittas
714 2510 718 2516 ·

355 2563 476 2628 Quaerere
488 2577 537 2613 nec
549 2558 663 2628 trepides
674 2558 704 2609 in
714 2574 794 2611 usum

286 2632 419 2685 Poscentis
432 2632 482 2683 sevi
494 2646 586 2699 pauca
622 2626 705 2695 Fugit
715 2633 786 2681 retro

286 2701 362 2754 Isevis
371 2702 495 2767 juventus
507 2706 534 2751 et
547 2699 631 2764 decor,
643 2694 719 2750 arida

321 2768 439 2821 Pellente
451 2768 560 2821 lascivos
572 2783 673 2821 amores

355 2837 456 2889 Ocuitie
468 2837 625 2906 facilemque
637 2851 765 2890 somnum.
