2409 3317
228 360 263 411 46
541 354 697 409 HORA'I'II

295 454 332 508 nt
343 455 410 507 mihi
421 455 516 520 forsan,
528 452 579 507 tibi
590 454 661 522 qnod
673 454 783 521 negarit

365 524 485 592 Porrigat
497 523 569 576 hora.

293 593 330 646 'l'e
342 610 433 662 greges
446 599 553 645 eentum
565 591 712 659 Siculaeque
724 590 823 642 circum

294 662 423 730 Mugiunt
435 678 528 729 vaccae,
540 661 590 714 tibi
602 661 673 714 tollit
685 660 821 711 hinnitum

294 731 367 801 Apta
378 730 514 799 quadrigis
526 747 601 799 equa,
614 735 641 782 te
653 728 693 782 bis
705 729 770 781 Afro

363 795 466 852 Muiice
478 800 570 851 tinctae

294 869 419 921 Vestiunt
431 869 512 921 lanae:
530 868 597 920 mihi
609 884 691 936 parva
702 883 765 918 rura
776 872 804 919 at

293 938 423 1007 Spiritum
435 938 520 991 Graiae
532 943 641 990 tenuem
652 937 773 989 Camenae

294 1007 378 1059 Parca
389 1023 442 1060 non
454 1007 569 1059 mendax
581 1005 656 1059 dedit
667 1012 694 1059 et
705 1004 854 1072 malignum

367 1075 496 1144 Spernere
508 1075 611 1143 vulgus.
978 1081 1013 1126 40

353 1242 503 1296 OARMEN
520 1241 683 1297 XVII.-sn
697 1258 884 1297 ucnrsrnra

296 1355 356 1407 (lna
368 1371 411 1407 me
423 1354 536 1423 querelis
549 1354 685 1407 exanimas
698 1354 769 1407 tuisl

294 1426 350 1477 Nec
362 1424 411 1477 Dis
423 1423 539 1477 amicum
551 1430 591 1477 est
603 1440 652 1476 nec
663 1423 731 1475 mihi
742 1430 770 1476 te
782 1425 856 1493 prius

328 1491 413 1561 Obire,
425 1493 563 1560 Maecenas,
575 1511 696 1546 mearum

361 1563 466 1616 Grande
479 1563 558 1616 decus
569 1563 743 1631 columenque
754 1580 849 1618 rerum

291 1632 336 1684 nh
348 1638 374 1684 te
386 1649 452 1685 meae
464 1633 486 1684 si
497 1639 600 1701 partem
612 1633 709 1684 animae
720 1632 791 1700 rapit

291 1698 423 1753 Maturior
434 1702 481 1767 ris,
494 1702 558 1768 quid
570 1717 656 1751 moror
668 1700 759 1765 altera,

325 1769 381 1821 Nec
393 1786 469 1822 carus
481 1786 555 1837 aeque
567 1785 616 1821 nec
628 1775 758 1835 superstes

361 1836 485 1904 Integer?
521 1837 571 1888 Ille
583 1836 639 1889 dies
652 1844 794 1904 utramque

291 1906 378 1958 Ducet
390 1906 501 1958 ruinam
536 1905 562 1957 N
563 1922 597 1957 on
609 1922 656 1972 ego
669 1905 800 1974 perfidum

290 1975 354 2028 Dixi
367 1979 573 2027 sacramentum:
591 1974 696 2041 ibimus,
709 1975 813 2043 ibimus,
979 1982 1010 2028 10

325 2044 467 2112 Utcunque
479 2043 616 2112 precedes,
629 2061 781 2113 supremum

360 2113 471 2182 Carpere
483 2114 534 2165 iter
546 2113 653 2165 comites
665 2116 760 2182 parati.

289 2182 335 2235 Me
346 2199 395 2235 nec
408 2182 543 2235 Chimaerae
555 2182 663 2251 spiritus
676 2183 769 2252 igneae,

289 2252 345 2303 Nec
357 2252 379 2304 si
391 2257 510 2319 resurgat
521 2253 687 2305 centimanus
700 2253 777 2321 Gyas,

324 2320 440 2374 Divellet
451 2338 582 2389 unquam:
601 2322 639 2374 sic
650 2324 753 2390 potenti

358 2390 378 2441 J
378 2390 476 2442 ustitia
489 2390 670 2459 placitumque
682 2390 779 2446 Parcis

289 2456 341 2509 Seu
353 2458 432 2511 Libra
444 2475 490 2511 seu
501 2476 544 2511 me
557 2458 675 2527 Scorpios
687 2461 800 2530 adspicit

288 2525 488 2593 Formidolosus,
501 2544 561 2595 pars
574 2528 713 2581 violentior

322 2594 426 2647 Natalis
439 2595 517 2662 horae,
529 2612 575 2648 seu
587 2602 717 2664 tyrannus

358 2664 492 2733 Hesperiae
505 2664 677 2734 Capricornus
688 2669 775 2738 undae,
974 2678 1008 2725 20

288 2732 437 2801 Utrumque
448 2740 567 2786 nostrum
579 2735 729 2790 incredibili
740 2740 817 2795 modo

288 2800 424 2854 Consentit
436 2810 544 2857 astrum
580 2804 617 2857 Te
629 2805 649 2856 J
650 2807 705 2859 oris
717 2808 799 2879 impio

322 2870 417 2925 Tutela
428 2870 541 2927 Saturno
553 2874 687 2943 refulgens
