2409 3317
418 364 616 421 CARMINUM
635 369 655 422 1.
673 373 784 425 36-38.
966 384 996 430 31

283 458 371 513 Remis
382 460 521 533 adurgens,
534 468 588 519 ecci
608 469 659 522 iter
670 472 744 526 velut

283 525 375 581 Molles
387 531 520 587 columbae
531 543 579 589 cut
589 486 705 619 Yeporem
717 544 785 597 citus

316 596 431 651 Venator
442 602 471 655 in
483 606 582 673 campie
594 608 690 661 mvelio

349 666 504 738 Haemoniae‚
516 673 590 727 duret
603 683 634 729 ut
645 681 744 732 cetenis
965 693 999 740 20

280 731 371 788 Fatale
382 746 542 795 monstrum:
561 759 619 811 quae
630 751 778 814 generosius

279 800 367 856 Perire
379 821 497 873 quierem
507 827 555 864 uec
567 813 731 869 muliebriter

313 871 429 993 Expavit
441 894 529 931 ensem
540 896 589 933 nec
601 882 713 938 latentes

368 942 434 997 lesse
446 946 500 999 citu
511 952 643 1017 repererit
654 970 719 1008 orae

277 1008 349 1061 Ausa
360 1018 388 1064 et
395 1014 529 1079 jacentem
540 1018 623 1072 visere
634 1023 734 1090 regium

277 1074 362 1131 Vultu
375 1097 472 1149 sereno,
483 1085 558 1139 fortis
570 1094 598 1141 et
610 1105 714 1159 asperus

310 1146 432 1203 Tractare
444 1161 583 1223 cerpentes,
595 1164 628 1210 ut
639 1165 727 1214 utrum

345 1218 454 1288 Corpore
467 1224 626 1280 combiberet
637 1247 774 1300 venenum,

274 1282 425 1343 Deliberete
437 1298 520 1345 morte
532 1294 642 1349 ferocior
648 1317 655 1361 ;

274 1351 354 1405 Saevle
366 1356 488 1411 Liburnis
500 1363 600 1417 scilicet
613 1366 733 1421 invidens
958 1382 992 1430 30

309 1420 416 1477 Privata
428 1427 522 1481 deduci
535 1433 646 1499 superbo

341 1490 367 1540 N
367 1508 401 1543 on
414 1493 521 1547 humilis
532 1499 629 1551 mulier
639 1503 779 1572 triumpho.

331 1655 479 1711 OARMEN
496 1660 722 1721 imvm-u>
736 1686 860 1729 ruuncu.

271 1764 404 1819 Punsrcos
416 1768 466 1835 odi,
480 1787 552 1840 puer,
563 1784 714 1847 apparatus,

269 1834 416 1903 Displicent
428 1855 503 1890 nexae
514 1841 620 1911 philyra
631 1862 746 1913 coronoe3

269 1902 349 1956 Mitte
361 1907 462 1972 meteri,
474 1924 532 1962 rose
544 1927 595 1978 quo
608 1914 723 1969 locorum

338 1972 401 2026 Seru
412 1982 534 2031 moretur.

268 2038 387 2109 Simplici
398 2049 485 2112 myrto
497 2047 566 2101 nibil
577 2049 704 2106 allabores

268 2107 379 2161 Sedulus
391 2128 467 2165 curo:
485 2131 570 2183 neque
582 2124 610 2171 te
621 2121 772 2177 ministrum

267 2175 383 2231 Dedecet
393 2187 504 2249 myrtus,
509 2200 594 2253 neque
606 2203 649 2240 me
660 2191 710 2242 cub
721 2200 795 2246 erote

337 2245 398 2299 Vite
410 2247 549 2305 bibentem.
