2409 3317
390 352 599 413 ssuIRARUM
618 350 655 405 ΙΙ.
675 354 699 418 1,
716 354 741 405 2.
913 356 963 405 159

176 461 264 526 Quum
276 466 364 531 stupet
376 460 475 515 insonis
487 461 556 515 ecies
567 460 714 530 fulgoribus
725 467 753 515 et
765 478 847 530 quum

175 530 291 583 Acclinis
303 530 376 583 falsis
388 531 492 583 enimus
503 530 612 583 meliora
621 536 740 595 recusst3

176 598 275 651 Verum
287 598 330 650 hic
341 598 468 668 impransi
479 616 582 652 mecum
594 599 739 668 disquirite.
774 598 791 626 “
800 598 853 651 Cur
865 598 915 653 hoc
925 600 957 653 i''

174 666 277 735 Dicam,
288 667 310 719 si
322 673 418 736 potero.
453 667 525 721 Male
536 685 629 721 verum
639 668 775 721 examinet
785 669 870 721 omnis

176 735 319 805 Corruptus
328 736 418 817 judex.
453 737 490 789 Ire
509 754 578 789 orem
591 741 706 789 sectatus
718 753 817 804 equove

174 754 516 872 Iossussbrndomitovd,
529 804 683 858 siltomsns
694 805 792 873 fatiget
932 809 964 857 10

174 871 276 926 Militis
286 879 420 927 assuetum
433 873 553 940 (iraeceri,
565 890 613 926 seu
624 874 679 941 pilo
690 873 775 940 velox,

174 940 293 995 Molliter
304 948 439 994 austerum
451 942 539 995 studio
550 941 660 995 fallente
671 942 794 1009 laborem,

175 1009 228 1063 Seu
239 1016 266 1064 te
278 1010 365 1063 discus
377 1010 434 1078 egit
453 1015 513 1078 pete
525 1010 661 1064 cedentem
672 1013 735 1065 sire
746 1011 833 1075 disco;

175 1078 266 1143 ouum
277 1078 350 1131 uuor
361 1048 495 1131 excuderis
506 1078 622 1145 scona„
634 1079 726 1147 sous,
737 1080 824 1133 usne

175 1146 274 1268 {perne
286 1147 373 1201 cibum
384 1147 479 1211 vilem;
496 1147 547 1200 uisi
560 1147 700 1215 Hymettia
710 1148 790 1202 mello
802 1149 913 1203 Fnlerno

229 1214 324 1268 biberis
336 1216 428 1269 diluto
463 1216 537 1269 Foris
549 1222 589 1269 est
600 1233 714 1285 promus,
725 1223 753 1271 et
764 1223 853 1271 strum

175 1283 325 1337 Defendens
337 1285 420 1353 pisces
431 1284 532 1337 hiemet
543 1302 628 1338 mure:
647 1303 708 1339 cum
720 1286 774 1339 sele
785 1288 861 1355 penis

175 1351 330 1405 Letrcntem
341 1353 506 1405 stomachum
517 1352 583 1406 bene
594 1353 682 1407 leniet.
718 1354 795 1408 Unde
806 1361 884 1423 putas
895 1361 943 1408 sut

177 1418 230 1483 Qui
241 1419 364 1488 postumi
399 1420 425 1473 N
426 1437 460 1472 on
471 1422 501 1472 in
512 1438 571 1473 csro
582 1422 673 1474 nidore
684 1421 806 1490 voluptas

177 1486 292 1553 Summe,
305 1488 350 1540 sed
362 1488 391 1539 in
402 1493 429 1540 te
441 1489 497 1557 ipso
510 1496 556 1541 est.
591 1490 632 1541 uu
644 1490 821 1558 pulmentaria
832 1508 919 1559 quaere
931 1495 965 1543 20

176 1555 301 1609 Sudsndo
308 1574 316 1620 ;
333 1556 459 1625 pinguem
471 1557 543 1609 vitiis
555 1555 695 1626 ulbumque
707 1575 792 1625 neque
804 1566 889 1613 ostreo

176 1623 233 1677 Nec
245 1641 333 1678 scarus
345 1631 394 1677 out
402 1625 502 1706 poterit
513 1626 651 1694 peregrine
658 1628 753 1694 juvare
763 1626 853 1708 lagois

177 1692 231 1746 Vix
243 1700 333 1746 tumen
345 1692 461 1763 eripmm,
509 1694 559 1746 sito
571 1711 673 1762 perone
684 1694 749 1747 velis
761 1713 827 1764 qum

176 1761 236 1815 Hoc
247 1763 335 1832 potins
347 1778 427 1831 quem
495 1763 500 1775 '
522 1780 538 1815 o
549 1769 651 1831 tergere
662 1762 790 1832 polctum,

177 1830 319 1900 Corruptus
331 1832 406 1885 venis
416 1849 511 1898 rerum,
524 1832 587 1900 quis
598 1838 693 1886 veneat
704 1848 768 1886 suro

177 1898 248 1953 Rure
258 1900 315 1954 svis
326 1906 354 1954 et
364 1900 437 1969 picto
448 1901 548 1970 pendat
560 1901 709 1969 spectaculo
721 1902 806 1957 csuds
812 1921 821 1968 ;

177 1966 698 2039 'I'smqusmedremsttinestquidqusm
716 1971 788 2024 Num
794 1971 966 2039 vescerisisto,

176 2035 264 2101 Quem
275 2037 375 2104 leudes,
387 2037 495 2106 plumsi
531 2038 610 2091 Oocto
622 2056 688 2091 num
699 2038 774 2092 odest
784 2040 867 2094 honor
878 2040 966 2093 idemi

177 2104 260 2157 (inrue
271 2110 361 2158 temen
373 2106 493 2173 quemvis
505 2105 587 2159 distet
598 2107 645 2173 nil,
656 2107 707 2159 hnc
718 2109 803 2175 magis
813 2109 889 2162 illm

178 2170 328 2241 Impsn'bus
339 2173 429 2226 formis
441 2174 580 2241 deceptum
591 2180 619 2227 te
664 2179 733 2229 terei
758 2175 836 2229 Esto:
932 2182 966 2229 30

177 2239 255 2293 Unde
267 2240 359 2294 dotum
371 2242 458 2309 sentis,
470 2241 550 2322 lupus
561 2241 606 2295 hic
641 2242 763 2310 'berinus
774 2261 809 2296 sn
821 2244 876 2297 slto

177 2309 277 2378 Captus
288 2309 351 2375 hiet,
363 2316 489 2378 pontesne
500 2316 570 2362 mter
577 2312 703 2393 jactatus,
715 2328 749 2363 an
761 2313 846 2365 omnis

178 2378 252 2431 Ostie
264 2377 313 2431 sub
324 2377 419 2431 Tuscii
454 2378 565 2447 Iapudes,
577 2396 676 2448 meane,
688 2380 817 2433 trilibrem

177 2445 301 2511 Mullum,
308 2447 337 2499 in
349 2446 454 2515 singulo
464 2464 544 2516 quem
550 2447 655 2500 minues
662 2448 800 2517 pulmento
807 2467 911 2504 necesse
918 2461 965 2505 est.

177 2514 259 2568 Ducit
270 2521 298 2568 te
309 2516 415 2585 species,
426 2516 515 2570 rideo:
551 2534 585 2569 uo
597 2517 713 2586 pertinet
724 2534 786 2585 ergo

177 2581 299 2636 Prooeros
310 2585 393 2637 odisse
404 2583 496 2653 luposi
532 2533 600 2651 auis
612 2585 712 2639 scilicet
723 2586 777 2639 illis

177 2650 305 2720 Mojorem
315 2658 412 2706 notura
422 2654 530 2706 modum
541 2654 623 2721 dedit,
634 2654 676 2707 his
687 2654 765 2708 breve
776 2656 886 2725 pondus

177 2719 197 2773 J
197 2721 292 2787 ejunus
303 2736 361 2773 rnro
373 2722 521 2775 stomachus
532 2722 653 2791 vulgaris
663 2723 767 2777 temnit

177 2788 330 2841 Porrectum
341 2806 437 2856 magno
447 2807 573 2857 magnum
585 2797 703 2859 spectare
714 2792 802 2845 catino

179 2856 287 2926 Vellem,
295 2858 334 2912 eit
346 2857 472 2927 Harpyiis
480 2858 544 2927 gule
551 2859 633 2928 digus
643 2859 788 2929 rapacibus
823 2859 919 2928 Atros,
930 2865 965 2912 40
