2409 3317
238 406 289 460 scs
448 388 451 393 “
487 388 492 397 ’
527 383 532 387 ’
560 385 717 455 nosssn
802 390 810 438 5

235 495 309 549 Utile
320 494 457 564 proposuit
468 488 691 563 nobis'exemplsr
703 494 808 561 Ulixen,
850 490 853 495 ’
922 508 926 513 ·
968 510 972 514 ·
994 494 997 499 ’
1010 493 1013 497 ’

236 564 288 629 Qui
300 565 413 618 domitor
424 564 507 633 'lrcjoe
518 563 663 616 multorum
675 563 800 633 providus
812 562 889 616 urbes
1014 578 1017 585 ’

234 633 271 685 Et
281 650 366 685 mores
378 632 514 685 hominum
525 631 651 701 inspexit,
663 631 800 701 letumque
812 650 859 701 per
870 648 966 701 oequor,
996 636 1032 685 20

235 702 307 755 Dum
318 701 375 767 sibi,
387 700 453 753 dum
464 701 540 753 sociis
550 701 667 754 reditum
678 706 763 769 peret,
775 718 867 769 aspere
877 700 965 755 mults
1010 706 1014 711 '

236 770 357 837 Pertulit,
368 770 484 824 adversis
495 786 583 822 rerum
594 769 777 821 immersabilis
789 769 877 823 undis.
1012 781 1015 789 ’

237 839 359 893 Sirenum
370 855 445 892 voces
457 845 484 891 et
496 838 576 891 Oircss
588 838 684 907 poculo
694 838 781 901 nosti;

237 908 301 973 Qun
313 908 408 961 sicum
420 907 496 960 sociis
506 908 605 960 stultus
617 906 780 976 cupidusque
791 906 906 975 bibisset,

236 976 290 1029 Sub
301 976 408 1030 domins
418 975 556 1029 meretrice
566 975 660 1028 fuisset
671 975 757 1043 turpis
769 981 796 1029 et
808 992 905 1043 excors,

236 1046 353 1099 Vixisset
365 1045 437 1097 canis
448 1044 601 1097 immundus
613 1044 655 1098 vel
667 1044 751 1097 emico.
763 1044 820 1097 luto
832 1061 882 1098 sus

235 1114 261 1165 N
262 1132 290 1167 os
301 1130 426 1166 numerus
438 1130 527 1165 sumus
539 1118 566 1166 et
577 1113 667 1180 fruges
678 1129 829 1166 consumere
840 1113 905 1180 neti,

236 1182 330 1251 Sponsi
341 1181 486 1302 Penelopp,
497 1181 647 1248 nebulones,
659 1181 813 1251 Alcinoique

237 1252 270 1303 In
282 1256 343 1303 cute
355 1267 437 1303 csrrsn
483 1250 544 1331 plus
555 1266 631 1319 usquo
643 1256 750 1319 operstn
757 1252 890 1319 juventus,

236 1320 286 1373 cui
298 1319 440 1389 pulchrum
451 1319 505 1371 fult
516 1318 546 1371 in
557 1318 656 1371 medios
668 1317 781 1371 dormire
794 1320 897 1382 disset
993 1324 1033 1374 30

235 1389 278 1442 Ad
290 1388 430 1458 strepitum
443 1387 552 1440 cithara
562 1395 692 1440 cessatum
704 1386 798 1440 ducere
809 1403 907 1441 curem.

236 1459 274 1511 Ut
281 1458 408 1527 jugulent
420 1457 545 1523 homines,
557 1462 670 1524 surgunt
682 1455 715 1507 de
726 1463 804 1510 nocte
814 1456 942 1510 latrones:

236 1527 274 1579 Ut
286 1534 313 1581 te
325 1527 411 1596 ipsum
424 1542 516 1594 serves,
528 1542 581 1577 non
593 1524 797 1594 expergisceris?
815 1525 898 1593 Atqui

236 1595 264 1648 si
276 1596 349 1649 noles
361 1613 446 1661 senus,
458 1612 548 1648 curres
558 1593 730 1662 hydropicum
748 1598 775 1646 et
786 1593 816 1646 ni

236 1664 329 1717 Posces
341 1669 404 1717 nnte
415 1664 485 1716 diem
497 1662 595 1715 librum
607 1679 668 1715 cum
679 1661 786 1729 lumine,
801 1662 823 1715 si
834 1680 888 1715 non

237 1732 362 1785 intendes
374 1733 493 1785 animum
505 1729 599 1784 studiis
611 1738 639 1783 et
649 1731 727 1784 rebus
739 1732 862 1798 honestis,

237 1801 343 1853 Invidia
354 1801 396 1854 vel
408 1817 494 1853 umore
506 1800 572 1867 vigil
583 1800 742 1869 torquebere
776 1801 803 1853 N
803 1818 846 1853 sm
858 1818 911 1867 cur,

237 1869 302 1933 Quae
314 1868 415 1921 laedunt
427 1868 540 1935 oculum,
551 1868 661 1921 festinus
673 1869 789 1934 demere;
808 1870 830 1921 si
842 1870 906 1938 quid

236 1938 285 1990 llst
297 1937 422 2004 animum,
435 1936 523 1989 differs
534 1938 645 1991 eruendi
657 1944 760 2007 tempus
772 1939 801 1991 in
813 1938 929 1991 annum?

236 2006 383 2060 Dimidium
394 2006 468 2074 facti,
480 2006 527 2074 qui
538 2008 625 2076 coepit,
638 2006 731 2071 hsbet;
750 2024 840 2075 sapere
851 2008 934 2071 nude;
991 2012 1029 2060 40

237 2076 335 2146 Incipe.
370 2075 423 2140 Qui
434 2082 505 2129 recte
516 2075 623 2129 vivendi
629 2082 756 2196 proroget
767 2076 866 2143 horem,

237 2145 362 2199 Rusticus
373 2150 509 2215 exspectnt
520 2143 585 2198 dnm
596 2146 629 2197 de
648 2150 696 2197 unt
707 2144 806 2208 amnis3
824 2150 853 2197 st
864 2144 909 2198 ille

239 2217 356 2284 inbitur,
368 2222 395 2269 et
406 2215 511 2268 labetur
522 2213 551 2265 in
563 2229 640 2265 omne
652 2212 775 2264 volubilis
787 2228 880 2265 sevum.

237 2286 371 2351 Quaeritur
382 2290 522 2353 argentum
534 2282 674 2351 puerisque
687 2280 764 2333 beatu
775 2281 893 2334 meandis

235 2353 316 2417 Uxor,
329 2360 356 2405 et
368 2354 477 2405 incultos
486 2355 617 2431 pacantur
629 2365 732 2403 vomere
745 2349 834 2403 silvae:
1010 2390 1011 2395 η

237 2418 313 2481 Quod
325 2418 388 2470 satis
399 2423 440 2470 est
451 2435 496 2470 cus
506 2417 725 2487 contingitnibil
736 2419 850 2487 amplius
861 2421 942 2485 optet.

236 2485 297 2537 Non
309 2485 401 2537 domus
412 2491 440 2538 et
450 2485 556 2551 fundus,
568 2503 622 2539 non
634 2486 692 2539 aeris
704 2503 811 2540 acervus
823 2493 850 2540 et
861 2485 921 2539 euri

237 2552 345 2620 AEgrcto
356 2552 456 2605 domini
468 2552 579 2605 deduxit
591 2570 696 2621 corpore
707 2555 798 2622 febres,

236 2620 296 2673 Non
308 2620 395 2673 nnimo
406 2637 489 2673 curas.
525 2620 620 2673 Valent
631 2638 758 2689 possessor
769 2628 877 2693 oportet,

236 2688 264 2741 si
277 2688 445 2756 comportetis
456 2687 533 2739 rebus
544 2688 610 2740 bene
622 2690 781 2757 cogitatuti
991 2698 1029 2747 50

237 2756 289 2821 Qui
300 2756 375 2826 cupit
386 2762 435 2809 eut
445 2755 548 2819 metuit,
562 2758 636 2809 ’uret
647 2758 724 2809 illum
736 2760 773 2811 sic
785 2760 878 2813 domus
889 2764 917 2815 et
927 2776 978 2826 res,

236 2824 274 2877 Ut
285 2825 389 2893 lippum
400 2825 477 2893 pictoe
490 2774 594 2890 abuius,
606 2824 723 2878 fomente
734 2828 884 2897 podagrum,

235 2893 375 2947 Auriculns
386 2893 495 2947 cithare
506 2893 615 2946 collecta
627 2893 700 2946 sorde
712 2894 835 2951 dolentes
