2409 3317
207 358 240 407 98

432 347 435 353 ’
518 347 672 405 Hosion

276 452 446 522 Importunus
457 452 528 505 enim
539 452 687 504 transvolet
698 450 785 504 aridas

276 522 399 589 Quercus,
412 526 439 574 et
451 520 550 588 refugit
562 527 596 587 te,
610 520 673 589 quis
684 519 766 573 luridi
965 524 1000 571 10

310 591 417 657 Dentes,
428 595 456 642 te
467 589 530 658 quis
541 606 614 657 sugae

346 659 466 727 Turpent
478 665 505 710 et
517 658 612 726 cepitis
624 658 698 711 nites
705 676 712 722 ;

277 729 333 781 Noc
344 728 402 780 00ae
414 727 532 779 referunt
540 728 597 794 jem
609 726 660 780 tibi
670 742 795 795 purpure

278 798 333 850 Nec
345 796 410 849 cleri
421 795 521 863 lepidos
533 801 659 864 temporo,
672 812 731 864 quae
743 794 823 847 semol
887 851 889 855 ,

312 865 389 918 Notis
400 865 508 916 condito
518 864 594 917 festis
833 884 837 889 ·

348 933 460 986 Inclusit
472 932 585 986 volucris
597 932 661 985 dies.

279 1002 336 1066 Quo
348 1002 420 1069 fugit
432 1001 529 1068 Venus,
541 1000 601 1068 heu,
614 1017 699 1070 quove
709 1002 781 1054 color
791 1001 909 1054 decenos
924 1004 935 1055 l

279 1072 337 1135 Quo
348 1077 435 1122 motus
444 1070 454 1123 l
472 1070 537 1139 quid
548 1069 629 1123 hebes
640 1070 720 1137 illius,
732 1070 812 1138 illins,

314 1140 378 1204 Quae
391 1138 508 1208 spirebst
519 1156 627 1205 umores,

348 1208 412 1272 Quae
425 1226 467 1260 ms
479 1214 618 1275 surpuerat
629 1207 703 1275 mibi,
839 1250 843 1255 .
968 1212 1003 1259 20

279 1276 358 1329 Felix
369 1282 428 1346 post
440 1277 569 1343 (tinorum,
581 1282 697 1345 notoque
708 1282 736 1329 ct
747 1275 846 1329 artium

280 1346 421 1399 Groturum
432 1344 529 1406 faciest
548 1344 599 1397 Sed
612 1344 713 1398 Gincrae
725 1345 816 1398 breves

314 1414 404 1467 Annos
416 1414 474 1467 fcto
486 1414 622 1479 dederunt,

349 1482 490 1536 Servatum
501 1483 549 1535 diu
560 1500 651 1551 parem

281 1551 396 1604 Cornicis
408 1552 504 1605 vetulos
514 1552 676 1620 temporibus
688 1551 785 1618 Lycen,

282 1620 391 1673 Possont
404 1628 435 1672 ut
443 1622 554 1688 juvenes
566 1621 650 1673 risere
660 1620 757 1671 fervidi

316 1689 403 1740 Multo
415 1706 469 1740 non
480 1689 536 1741 sine
548 1689 603 1740 risu

351 1755 488 1824 Dilapssm
499 1757 528 1807 in
540 1757 640 1809 cincres
651 1756 744 1810 focem.

367 1921 516 1975 OARMEN
533 1920 680 1977 inu-m
692 1937 851 1978 succensu.

285 2034 353 2098 Qum
367 2050 430 2086 cura
442 2041 547 2103 petrum
559 2050 651 2104 quaerc
665 2034 809 2098 Quiritium

284 2101 373 2155 Plenis
385 2103 513 2156 honorum
525 2103 678 2156 muneribus
690 2110 757 2169 tuus,

318 2172 446 2241 Auguste,
459 2172 571 2226 virtutes
583 2172 612 2224 in
625 2189 712 2225 sevum

355 2242 405 2295 Per
416 2242 508 2295 titulos
519 2258 697 2309 memoresque
708 2241 790 2295 fastos

284 2310 413 2377 lllternot,
425 2328 448 2378 o,
462 2328 513 2379 que
526 2311 563 2363 sol
575 2309 731 2363 habitabiles

286 2379 408 2432 Illustrat
419 2396 484 2445 oros,
496 2379 613 2432 menime
657 2378 663 2391 '
683 2378 773 2447 cipum
780 2379 837 2431 !-—:

321 2448 405 2511 Quem
417 2448 484 2515 legis
495 2454 616 2567 expertes
665 2448 730 2499 tinoe

356 2515 489 2568 Vindelici
501 2516 528 2567 di
547 2517 615 2569 icere
626 2532 719 2585 nuper,

287 2584 357 2649 Quid
369 2584 456 2636 Morte
468 2598 571 2651 pesses;
588 2584 673 2636 milite
685 2599 748 2636 num
759 2589 807 2636 tuo

287 2653 390 2706 Drusus
402 2650 548 2718 Genaunes,
560 2653 733 2721 implacidum
743 2669 835 2725 genus,

322 2722 493 2788 Breunosque
503 2720 603 2774 veloces
615 2729 644 2773 et
654 2738 727 2774 arces

357 2788 469 2857 Alpibus
481 2789 616 2861 impositos
627 2791 771 2843 tremendis

521 2880 531 2908 ¹⁸
546 2874 618 2915 color?
631 2874 705 2914 decm
