2409 3317
435 346 690 407 metemus(
708 346 732 401 Ι.
752 348 793 403 ιο.
957 352 1007 401 21⁵

215 438 327 493 Munere
339 443 367 494 ιο
378 454 461 509 perro
469 437 533 491 <beet
544 443 592 492 sut
604 436 784 492 incommodus
791 441 884 505 enget

216 506 330 570 Qualem
339 506 511 589 commendes!
518 504 598 561 etium
609 512 687 577 etque
696 505 776 559 etiem
783 504 896 577 adspice
904 520 937 559 ne
946 522 1007 559 mox

217 575 353 632 Inoutisnt
365 576 452 631 edient
463 574 513 631 tiu
524 582 634 646 peccets
645 574 779 646 pudorem.

216 644 345 698 Fallimur
356 652 384 698 et
412 644 528 699 uondnm
540 662 592 699 non
606 644 718 713 dignum
728 642 872 697 tradimus:
890 660 952 712 ergo

216 712 303 775 Quem
315 731 363 768 sus
374 663 454 784 cipe
464 720 572 785 premet,
585 713 710 785 deceptus
723 712 816 766 omitte
827 712 904 779 tueri,

216 781 254 835 Ut
265 783 373 852 penitus
383 790 484 850 notum,
496 783 653 836 sistentem
665 782 783 849 crimine,
796 798 881 835 serves
975 786 1008 833 tt)

216 850 306 904 'interi
336 869 371 906 ue
382 858 429 907 tuo
441 852 565 905 fidentem
577 850 715 922 presid103
732 850 779 920 qui

215 918 302 974 Dente
307 868 448 975 8ᾖὶιιοοιιίιιο
460 937 543 989 quum
555 918 763 989 circumretitur,
776 918 869 989 ecquid

215 988 258 1041 Ad
271 994 298 1045 ιο
308 994 369 1059 post
379 987 470 1059 peullo
481 994 594 1043 venture
605 988 724 1059 periculo
736 988 835 1043 sentis't

215 1056 242 1111 N
242 1074 285 1110 em
297 1063 345 1112 tue
355 1074 396 1111 res
444 1057 505 1139 tur,
515 1056 601 1127 pffles
614 1074 697 1127 quum
709 1057 844 1126 proximus
856 1056 938 1123 ardet,

215 1125 251 1179 iit
263 1126 384 1195 neglecte
395 1143 407 1179 s
434 1131 480 1181 ent
491 1126 614 1182 sucendit
625 1143 728 1181 sumere
739 1126 813 1180 vires

215 1194 308 1248 Dulcis
319 1194 463 1266 inexpertis
475 1195 578 1251 culture
588 1194 706 1266 potentis
718 1194 810 1251 amici:

215 1263 348 1333 Expertus
359 1265 462 1319 metuit
496 1264 546 1334 iu,
556 1264 621 1319 dum
633 1270 681 1319 tus
692 1264 768 1319 nevis
780 1265 809 1319 in
821 1264 875 1321 ulto
887 1270 935 1331 est,

216 1330 275 1388 Hoc
286 1350 343 1403 ege,
354 1351 388 1388 ne
400 1338 506 1388 mutate
516 1340 660 1388 retrorsum
672 1338 699 1391 ts
711 1334 779 1389 feret
791 1351 863 1389 eure.

216 1400 336 1455 Oderunt
347 1400 459 1457 hilarem
471 1402 559 1457 tristes
570 1402 726 1471 tristemque
734 1402 824 1483 jocosi3

216 1469 344 1525 Ssdstum
355 1471 457 1540 celeres,
506 1470 512 1483 '
525 1487 567 1525 em
577 1487 748 1539 gnarumque
760 1471 869 1539 reensi,
974 1475 1007 1523 90

216 1538 323 1593 Potores
350 1538 435 1591 tosti
503 1538 532 1593 io
543 1536 574 1593 dc
585 1546 657 1593 uoces
668 1536 782 1595 Falerni

218 1606 334 1662 Oderunt
360 1612 481 1678 porrecte
492 1612 635 1677 negantem
646 1606 749 1677 poeule,
761 1606 881 1679 quemvis

215 1675 242 1730 N
242 1681 364 1731 coturnos
372 1678 446 1745 jures
458 1681 485 1732 te
496 1676 637 1731 formidare
649 1692 764 1746 vepcreu

215 1743 298 1799 Deme
310 1745 449 1816 supercilio
460 1744 557 1801 nubm
563 1764 572 1812 ς
588 1745 746 1817 plerumque
757 1744 889 1801 modestus

216 1813 334 1885 Occupet
345 1813 449 1869 obscuri
460 1815 581 1886 speciem,
593 1814 743 1871 taciturnus
754 1816 848 1871 ecerbi

216 1882 290 1938 Inter
301 1890 399 1940 cuncte
408 1884 480 1955 leges
491 1890 519 1941 et
608 1882 716 1941 ntsbere
728 1884 824 1953 doctos,

216 1951 275 2017 Qus
285 1953 387 2008 rstione
399 1971 479 2023 queas
550 1972 628 2009 ucsre
639 1955 735 2009 leniter
746 1972 848 2021 erum

215 2020 287 2074 Num
298 2027 326 2077 te
337 2039 439 2091 semper
450 2022 526 2093 inops
537 2024 623 2093 agitet
634 2029 765 2093 vexetque
777 2023 880 2094 cupido,

215 2088 290 2142 Num
301 2106 383 2159 pevor
394 2095 422 2143 et
432 2107 521 2145 rerum
532 2092 699 2145 mediocriter
710 2092 817 2145 utilium
830 2109 894 2161 spes,

217 2156 351 2211 Virtutem
363 2157 483 2213 doctrine
494 2165 576 2281 pere&
587 2164 718 2213 naturane
730 2159 817 2227 donet,
958 2165 1003 2213 10(

217 2223 288 2291 Quid
300 2225 404 2281 minuet
510 2227 556 2299 qui
586 2232 614 2280 te
625 2225 676 2281 nti
686 2227 779 2281 reddet
791 2225 914 2296 enricum,

218 2293 288 2360 Quid
299 2311 365 2365 pure
377 2242 539 2377 meumst,
550 2295 633 2349 honos
645 2312 680 2349 en
692 2294 769 2350 dulce
781 2296 914 2365 lucellum,

217 2362 261 2417 An
272 2370 403 2419 secretum
414 2369 466 2419 ster
477 2370 505 2419 et
516 2364 634 2419 fallentis
646 2364 739 2421 semite
751 2364 820 2421 vite.

218 2430 266 2488 Me
278 2433 379 2503 quoties
390 2431 475 2488 reficit
487 2434 590 2504 gelidus
601 2432 729 2503 Digentia
739 2434 819 2503 rivus,

218 2501 302 2567 Quem
313 2502 439 2558 Mendela
449 2502 526 2573 bibit,
537 2520 570 2558 ru
605 2520 648 2557 sus
659 2502 756 2573 frigore
768 2522 859 2575 pegus,

218 2569 288 2637 Quid
300 2573 395 2625 sentire
425 2572 503 2627 utssi
521 2571 568 2644 qui
597 2572 689 2641 credis,
701 2574 791 2643 smioe,
803 2574 922 2645 precarii

218 2637 259 2695 Sit
270 2639 345 2708 mihi,
356 2589 427 2709 quod
438 2660 510 2697 nunc
522 2648 569 2711 est,
581 2643 663 2697 etism
674 2642 778 2708 minus;
796 2646 823 2697 et
834 2642 901 2696 mihi
912 2642 998 2697 vivoru

218 2708 294 2773 Quod
305 2715 423 2778 superest
435 2712 492 2779 aevi,
505 2711 602 2782 siquid
616 2729 647 2766 su
680 2729 747 2767 resse
760 2711 854 2767 volunt
865 2710 917 2776 Di;

218 2776 259 2832 Sit
269 2776 340 2832 ιοιιο
349 2777 476 2835 librorum
488 2785 516 2835 et
527 2782 636 2851 provisae
690 2782 731 2853 gis
742 2781 772 2837 in
783 2796 884 2835 sunum

533 2879 543 2909 ι
556 2874 636 2909 notum.
665 2868 688 2911 Si
