2409 3317
433 360 577 415 EPODON
594 360 700 414 OARM.
721 363 761 413 16.
949 363 996 412 121

244 461 374 532 Ametqus
386 463 454 516 selss
464 462 530 517 levis
541 463 630 517 hircus
683 481 753 517 nore.

210 530 283 599 Heec,
295 539 322 584 et
334 549 393 601 quse
405 539 530 601 poterunt
541 534 641 586 reditus
653 551 670 586 a
688 532 804 585 scindere
816 530 913 598 dulces,

244 600 342 653 Eamus
354 602 437 653 omnis
449 608 584 655 exsecrate
596 603 696 668 civitas,

209 668 265 721 Aut
276 687 336 738 pers
348 670 456 723 indocili
467 671 559 723 melior
571 688 664 739 grege3
681 670 768 723 mollis
779 674 807 722 et
818 685 911 737 exspes

245 738 395 792 Inominete
406 741 550 808 perprimct
562 740 673 795 cubilis!

210 806 269 873 Vos,
282 807 377 876 quibus
390 815 430 861 est
441 809 532 875 virtus,
545 809 700 861 muliebrem
711 807 797 860 tollite
808 806 919 873 luctum,

244 876 354 929 Etrusca
365 883 461 945 prester
472 884 499 929 et
511 877 597 931 volate
609 879 694 931 litore
966 879 1000 926 40

209 944 262 997 Nos
273 951 364 998 menet
376 945 494 999 Oceanus
505 946 703 1014 circumregus:
720 962 791 1012 erre,
803 944 881 998 beete

243 1014 368 1067 Petamus
380 1031 449 1080 erre,
462 1014 557 1067 divites
569 1020 596 1067 et
608 1016 715 1081 insulas,

210 1082 307 1135 Reddit
319 1082 365 1135 ubi
377 1083 494 1136 Cererem
506 1084 586 1136 tellus
598 1085 703 1138 increta
716 1084 857 1153 quotannis

243 1152 278 1204 Et
290 1153 423 1221 imputate
433 1153 509 1205 floret
517 1170 600 1221 usque
612 1154 696 1220 vinee,

209 1221 344 1273 Germinet
356 1227 383 1274 et
394 1239 532 1291 nunqusm
543 1222 660 1275 fallentis
672 1230 767 1276 termes
778 1222 861 1290 olive,

243 1289 375 1357 Suemque
388 1290 461 1359 pulle
472 1291 537 1343 ficus
549 1298 626 1344 omet
637 1292 762 1358 arborem,

208 1357 290 1411 Melle
302 1376 367 1411 cere
378 1365 489 1411 menent
500 1376 534 1411 ex
546 1360 614 1425 ilice,
626 1360 760 1413 montibus
772 1359 833 1412 eltis

243 1427 320 1479 Levis
332 1433 457 1495 crepente
467 1427 576 1496 lymphe
588 1428 677 1480 desilit
688 1429 761 1497 pede

209 1494 268 1547 Illic
280 1495 385 1563 injussae
398 1495 509 1547 veniunt
521 1496 554 1547 sd
566 1496 681 1549 mulctre
692 1496 807 1565 depelle,

244 1563 386 1632 Refertque
398 1568 473 1615 tenta
484 1580 549 1631 grex
561 1565 661 1617 emicus
674 1565 767 1628 ubere3
965 1568 999 1616 50

208 1632 264 1685 Nec
276 1632 440 1701 vespertinus
453 1632 634 1701 circumgemit
646 1650 723 1686 ursus
734 1632 809 1702 ovile,

243 1702 335 1771 Neque
347 1701 500 1754 intumescit
512 1703 567 1755 elte
579 1703 676 1772 viperis
687 1702 792 1756 humus.

208 1770 340 1840 Pluraque
351 1770 440 1823 felices
451 1771 619 1825 mirabimur:
637 1778 669 1825 ut
680 1788 765 1841 neque
776 1771 857 1841 lurgis

243 1841 362 1909 Aquosus
373 1840 461 1892 Eurus
473 1857 535 1894 erre
546 1841 624 1894 redet
635 1841 769 1908 imbribus,

208 1908 323 1977 Pinguis
334 1926 383 1962 nec
396 1910 470 1962 siccis
482 1917 593 1963 urentur
606 1912 706 1965 semine
717 1911 808 1979 glebis,

243 1978 339 2031 Utrum
357 1995 391 2031 ue
402 1996 463 2046 rege
475 1985 640 2048 temperante
652 1980 777 2034 coelitum.

207 2047 233 2099 N
233 2063 267 2099 on
279 2047 331 2099 huc
367 2064 429 2115 rgoo
442 2049 578 2101 contendit
589 2049 689 2118 remige
700 2050 787 2119 pinus,

242 2116 334 2184 Neque
346 2117 382 2168 im
402 2116 481 2168 udice
493 2116 594 2169 Colchis
607 2118 701 2169 intulit
712 2117 821 2185 pedem3

207 2184 232 2236 N
233 2202 267 2237 on
279 2185 332 2237 huc
344 2184 372 2236 si
391 2184 445 2236 onii
456 2189 588 2237 torserunt
600 2202 697 2238 cornus.
708 2192 805 2253 neuter,

242 2252 381 2306 Ieboriose
392 2269 441 2305 nec
454 2253 543 2305 cohors
557 2254 652 2307 Ulixei.
965 2258 999 2306 60

208 2322 290 2375 Nulle
301 2326 397 2374 nocent
409 2321 496 2389 pecori
508 2323 638 2391 contegie,
651 2321 751 2375 nullius
763 2322 828 2376 estri

243 2392 354 2459 Gregem
367 2397 477 2443 aestuose
488 2396 570 2444 torret
582 2391 746 2460 impotentia»
907 2402 911 2412 “

207 2460 227 2512 J
228 2460 316 2581 obiter
327 2460 374 2513 ille
385 2460 437 2528 pise
449 2461 560 2513 secrevit
571 2460 650 2513 litore
661 2461 743 2529 genti,

269 2534 282 2581 t
293 2529 445 2596 inquinavit
457 2544 507 2581 aere
519 2536 625 2598 tempus
637 2546 763 2595 eureum3

207 2595 278 2665 AEre,
291 2597 386 2650 dehinc
398 2599 467 2651 ferro
479 2598 585 2651 dursvit
598 2599 698 2652 secula:
717 2616 829 2668 quorum

243 2665 298 2719 Piis
311 2666 425 2720 secunde
436 2672 498 2720 vete
509 2685 552 2721 me
564 2667 643 2723 detur
654 2668 728 2736 fuge
