2409 3317
449 345 659 402 SATIRARUM
678 347 701 403 1.
720 356 745 403 4.
939 352 989 406 139

196 442 261 497 Hoc
271 446 357 513 juvet,
370 444 441 497 hnud
454 446 521 499 illud
553 458 688 510 merentes.
700 466 766 502 num
777 450 834 502 sine
845 466 931 519 sensus,

195 510 329 578 Tempore
340 527 405 564 num
418 511 518 565 incunt
530 530 546 565 e
560 514 624 566 'eno
659 515 787 567 “Ledeue
798 515 922 582 gendes?

196 578 305 646 Inquit,
318 580 367 632 “et
378 578 427 632 hoc
439 580 526 633 studio
538 598 635 650 pravus
646 582 736 636 focis?
771 583 849 636 Unde
860 583 975 650 petitum

196 648 261 699 Hoc
274 648 302 699 in
314 664 356 700 me
364 648 449 715 jocsst
467 645 515 699 Est
527 654 618 701 euctor
630 649 688 717 quis
700 649 813 718 denique
824 666 922 718 eornm,
956 654 995 705 80

196 715 266 768 Vixi
278 732 337 769 cum
349 716 461 784 quibusi
496 716 639 770 Absentem
650 718 698 786 qui
708 718 779 771 rodit
789 718 914 783 amicum,

197 784 254 849 Qui
266 802 319 837 non
331 783 449 838 defendit
460 784 512 837 elio
524 785 656 854 culpente,
668 786 767 839 solutos

197 853 254 924 Qui
267 859 357 922 captet
368 854 436 905 risus
448 854 584 907 hominum
595 854 746 923 fumumque
757 855 862 922 dioeciu

197 921 313 990 Fingere
326 922 372 1003 qui
384 938 437 974 non
449 921 506 975 vise
517 928 611 991 potest,
623 923 760 977 commisse
770 930 858 977 teoere

197 989 253 1054 Qui
264 998 371 1060 nequ1t;
388 990 432 1043 hic
443 991 519 1058 niger
530 996 577 1057 est,
589 991 661 1044 hunc
672 997 712 1058 tu,
724 992 850 1060 Romone,
861 1000 961 1048 ctveto

197 1057 276 1128 Saepe
287 1059 371 1112 tribus
382 1058 458 1112 lectis
470 1059 559 1113 videos
571 1076 674 1113 coencre
685 1067 833 1129 quaternos,

198 1126 222 1178 Ε
235 1126 330 1195 quibus
342 1144 411 1180 unus
423 1134 493 1181 emet
506 1128 598 1195 quevis
610 1128 766 1199 odspergere
777 1136 885 1183 cunctos

198 1195 373 1262 Praeoerenm,
380 1195 639 1265 quipraebetsquem3
646 1198 990 1269 post,huncquoquepotne,

198 1263 312 1318 Condito
324 1282 405 1333 quum
417 1282 497 1319 vernx
508 1267 594 1335 operit
623 1267 749 1320 reeoordic
761 1268 844 1321 Liber.

199 1332 253 1385 Hic
265 1332 315 1387 tibi
327 1334 407 1385 comis
418 1340 446 1386 et
456 1334 573 1387 wbanus
585 1283 703 1402 hicque
714 1334 827 1402 videtur,
954 1340 990 1389 90

199 1400 301 1454 Infesto
310 1402 399 1469 nigris.
434 1402 498 1469 Ego,
511 1403 533 1453 si
544 1402 598 1468 risi,
611 1404 681 1471 quod
692 1403 799 1472 ineptus

199 1468 323 1522 Pastillos
336 1469 448 1521 Rufillus
459 1470 520 1536 olet,
532 1470 678 1537 Gorgonius
689 1471 808 1535 hircum

199 1537 309 1590 Lividus
321 1544 348 1591 et
359 1538 469 1591 mordax
481 1538 570 1593 videor
580 1537 648 1592 tibii
666 1538 768 1593 Montio
780 1540 803 1593 si
814 1556 868 1609 qus

199 1606 240 1659 De
252 1606 394 1675 Ospitolini
405 1607 484 1660 furtis
495 1606 593 1675 injectu
605 1607 695 1661 Petilli

199 1674 236 1729 ΤΘ
248 1693 334 1729 corum
346 1675 434 1742 fuerit,
445 1675 577 1742 defendas,
589 1680 621 1727 ut
632 1681 695 1730 tuus
706 1682 747 1730 est
757 1694 827 1732 mos:

200 1745 215 1773 “
225 1744 269 1797 Me
281 1745 442 1813 Capitolinus
453 1744 601 1797 convictore
612 1760 676 1795 usus
687 1743 823 1811 amicoque

200 1811 223 1864 A
235 1830 314 1881 puero
324 1820 366 1865 est
377 1828 505 1881 conseque
516 1828 575 1863 mee
586 1810 718 1881 permulto
728 1818 837 1877 rogetis

200 1880 280 1949 Fecit,
292 1887 319 1935 et
331 1881 469 1934 incolumis
480 1881 555 1933 loetor
566 1880 636 1948 quod
647 1880 715 1932 vivit
726 1878 755 1930 in
766 1878 844 1943 urbe;

200 1947 250 2003 Sed
262 1956 351 2003 temen
362 1950 483 2015 admiror,
495 1966 547 2017 quo
558 1954 636 2017 pecto
649 1948 775 2000 'odicium
786 1946 854 2000 illud

200 2018 331 2086 Fugerit?
367 2019 420 2071 Hic
431 2018 460 2070 ni
527 2033 605 2069 sucus
616 2016 626 2068 l
654 2017 660 2029 '
682 2017 688 2028 “
710 2016 716 2027 “
751 2015 807 2067 hoec
819 2021 859 2067 est
933 2018 985 2068 100

200 2084 298 2152 AErugo
309 2100 396 2147 mere3
414 2100 465 2151 quo
495 2082 591 2134 vitium
602 2082 694 2163 procul
732 2098 777 2134 ore
789 2082 894 2148 ohnrtiu

202 2152 286 2220 Atque
297 2152 386 2205 enimc
396 2152 477 2221 prius,
489 2157 522 2204 nt
533 2151 556 2202 si
568 2150 632 2218 quid
662 2151 797 2203 remittere
808 2150 841 2204 de
852 2167 896 2204 me

202 2219 308 2273 Possum
319 2219 393 2273 uliud
405 2234 472 2285 vere,
484 2218 616 2288 promitto.
675 2218 770 2271 ‘bosius
782 2218 804 2270 si

201 2288 295 2342 Dixere
307 2289 379 2358 quid,
392 2288 414 2341 si
424 2288 493 2340 forte
501 2288 622 2356 jocosius‚
634 2287 684 2340 hoo
694 2286 762 2339 mihi
770 2287 838 2355 juris

202 2358 265 2411 (ium
277 2358 354 2411 venio
365 2357 453 2411 debis:
471 2356 586 2409 insuevit
598 2362 674 2425 poter
684 2355 800 2424 optimus
811 2356 861 2409 hoo
871 2374 921 2425 me,

202 2426 237 2479 Ut
248 2428 366 2495 fugerem
377 2425 504 2494 exemplis
515 2425 639 2477 vitiorum
653 2436 763 2493 quaeque
775 2426 898 2480 notendo.

203 2495 287 2558 Quum
298 2513 341 2548 me
352 2495 507 2561 hortaretur,
519 2510 604 2563 perce,
616 2493 756 2563 fiuignliter
766 2499 848 2563 etque

203 2562 321 2617 Viverem
332 2564 373 2617 uti
386 2569 525 2617 contentus
536 2579 566 2615 eo
594 2562 648 2616 uod
659 2563 696 2615 mi
709 2563 718 2614 i
776 2570 906 2632 perssset:

203 2631 315 2685 “Nonne
327 2631 406 2698 vides,
419 2630 481 2684 Albi
492 2636 525 2683 ut
590 2647 605 2683 e
617 2632 690 2685 vivet
701 2579 779 2698 fiffi'
791 2638 874 2699 utque

204 2700 296 2753 Burrus
308 2699 399 2779 inops?
417 2714 543 2791 magnum
555 2699 750 2767 documentum,
761 2716 796 2752 ne
805 2701 921 2768 potsiem
930 2716 985 2752 rem

205 2768 311 2823 Perdere
323 2784 381 2836 quis
392 2766 480 2820 velit)
516 2771 538 2820 A
550 2769 624 2851 turpi
635 2769 779 2821 meretricis
791 2784 878 2821 amore
938 2770 984 2819 111

207 2836 290 2905 Quum
302 2836 458 2891 deteneret:
477 2836 492 2866 “
499 2834 605 2891 Scotum
616 2836 750 2889 dissimilis
761 2833 820 2888 sis.”
