2409 3317
217 347 272 401 208
538 340 694 397 HORATII

219 442 329 495 neces
340 445 400 495 uter
410 438 498 523 plures
509 438 618 519 lepores,
629 441 689 489 uter
700 433 795 489 educet
806 449 891 505 apros,

219 510 287 564 Utra
297 510 382 579 magis
392 526 477 579 pisces
487 514 516 561 et
527 507 633 559 echmos
645 520 749 573 oequora
761 504 855 571 celent,

219 578 373 700 ffifflut
383 578 446 631 inde
458 577 564 629 domum
576 574 674 645 possim
685 573 835 642 Phaeaxque
846 570 960 637 reverti3

347 653 376 700 te
386 646 468 714 nobis,
480 645 530 698 tibi
541 660 588 697 nos
600 642 736 696 meredere
747 658 796 712 par
807 645 854 695 est.

220 716 341 783 Manius,
353 721 385 768 ut
395 713 473 768 rebus
485 713 611 767 maternis
623 718 703 780 atque
733 710 831 763 eternis

220 784 335 837 Fortiter
345 782 491 853 absumptis
503 781 619 835 urbanus
630 728 821 849 eoepitlmberi,

220 852 315 906 Scurra
326 870 416 921 vagtis,
428 869 482 905 non
494 851 540 921 qui
551 855 653 903 eertum
665 865 780 918 proescpe
791 852 901 915 teneret,

221 920 375 990 impransus
386 938 440 975 non
452 921 499 991 qui
510 920 594 973 civem
606 918 769 985 dignosceret
780 916 862 984 hoste,

221 989 353 1051 Qualibet
364 990 393 1042 in
405 989 523 1060 quemvis
534 986 886 1120 offiffinwffl
977 984 1014 1037 30

729 1070 762 1107 ue

222 1127 359 1196 Quidquid
371 1129 517 1196 quaesierat,
529 1126 617 1180 ventri
629 1072 744 1177 donabit
755 1139 842 1177 avaro.

221 1196 282 1264 Hic,
294 1195 340 1248 ubi
350 1195 476 1265 nequitiae
487 1193 635 1248 fautoribus
646 1198 674 1245 et
685 1192 786 1245 timidis
797 1191 838 1243 nil

221 1266 277 1318 Ant
289 1264 409 1335 paullum
421 1263 572 1331 abstulerat,
584 1261 690 1331 patinas
702 1260 822 1313 ooenabat
834 1258 923 1326 omasi,

223 1334 290 1386 Vilis
302 1340 330 1387 et
339 1334 453 1403 agnina,
464 1332 549 1386 tribus
559 1332 629 1384 ursis
641 1330 711 1400 quod
723 1328 787 1383 satis
798 1334 866 1382 esset
872 1348 880 1393 ;

221 1402 329 1456 Scilicet
340 1408 372 1456 ut
384 1409 487 1456 ventres
498 1402 588 1455 lamna
599 1400 728 1453 candente
740 1415 774 1451 ne
808 1405 867 1451 tum

223 1472 329 1525 Diceret
340 1472 459 1539 urendos,
471 1476 599 1523 corrector
610 1467 722 1521 Bestius.
757 1466 771 1519 I
790 1483 832 1519 em

223 1540 359 1609 Quidquid
370 1546 427 1593 erat
437 1546 532 1593 nactus
543 1538 639 1608 praedae
650 1536 764 1632 maioris,
775 1534 821 1589 ubi
833 1550 908 1587 omne

222 1605 344 1660 Verterat
356 1608 385 1660 in
396 1609 500 1660 fumum
511 1620 539 1659 et
550 1607 673 1672 cinerem,
712 1604 772 1657 Non
785 1603 899 1657 Hercule
911 1604 1014 1670 miror,''

222 1674 324 1741 Aiebat,
338 1677 353 1703 “
361 1677 384 1728 si
397 1677 444 1745 qui
456 1675 597 1729 comedunt
608 1673 684 1740 bona,
697 1689 779 1742 quum
791 1672 826 1725 sit
837 1672 913 1725 obeso
976 1676 1013 1725 40

221 1742 268 1795 Nil
279 1743 373 1797 melius
385 1745 472 1810 turdo,
483 1744 524 1796 nil
536 1743 616 1795 vulva
627 1741 764 1811 pulchrius
776 1740 890 1809 ampla.’'

220 1809 352 1862 Nimirum
364 1810 408 1862 hic
420 1827 468 1890 ego
480 1826 554 1872 sum;
571 1825 634 1860 nam
645 1813 706 1861 tuta
717 1812 745 1860 et
879 1806 965 1873 laudo,

221 1879 309 1944 Quum
320 1894 361 1929 res
372 1877 506 1943 deficiunt,
519 1877 583 1929 satis
593 1877 664 1929 inter
675 1876 739 1930 vilia
762 1876 825 1929 ortis
831 1895 839 1940 ;

221 1947 327 2013 Verum,
338 1944 385 1999 ubi
396 1946 462 2014 quid
472 1944 566 1997 melius
578 1945 709 2013 contingit
720 1951 748 1997 et
759 1945 873 2013 unctius,
886 1945 956 1998 idem

220 2016 273 2069 Vos
285 2020 375 2084 sap'ere
386 2022 414 2068 et
425 2014 491 2067 solos
502 2014 544 2067 aio
555 2012 622 2066 bene
634 2014 729 2080 virere,
741 2029 851 2082 quorum

221 2084 385 2153 Conspicitur
396 2084 488 2138 nitidis
499 2083 612 2136 fimdata
623 2082 736 2151 pecunia
746 2080 823 2135 villis

222 1058 353 1111 Pernicies
365 1065 392 1113 et
403 1064 546 1128 tempestas

348 2246 521 2304 nplsnonu
537 2245 871 2307 XVI.-unounsor1uss.

219 2359 263 2412 Nn
275 2360 441 2429 perconteris,
452 2359 552 2413 fundus
562 2376 644 2427 meus,
656 2358 754 2429 optime
766 2357 882 2426 Quincti,

219 2428 290 2481 Arvo
301 2434 393 2497 pascat
404 2428 505 2494 herum,
517 2443 553 2480 an
563 2427 650 2481 baccis
662 2428 800 2508 opulentet
811 2428 894 2494 olive,

219 2495 348 2562 Pomisne,
360 2512 395 2547 an
405 2496 497 2575 pratis,
508 2512 544 2547 an
555 2495 653 2548 amicta
664 2496 762 2549 ritibus
774 2496 853 2563 ulmo,

219 2562 352 2615 Seribetur
363 2561 413 2614 tibi
424 2563 508 2614 forma
519 2562 664 2629 loquaciter
674 2569 702 2616 et
714 2564 780 2617 situs
792 2565 856 2632 agri.

219 2630 344 2684 (lontinui
355 2635 463 2696 mentes,
475 2630 505 2681 ni
516 2629 689 2683 dissocientur
700 2648 782 2700 opaea

219 2697 302 2767 Valle,
314 2698 360 2751 sed
372 2703 403 2750 nt
414 2697 521 2750 veniens
532 2697 656 2749 dextrum
667 2698 737 2751 latus
749 2700 878 2769 adspiciat
890 2699 959 2769 sol,

217 2764 325 2820 Irarum
337 2766 471 2821 &cedem
483 2782 561 2818 curru
571 2765 690 2832 fugiente
702 2775 817 2837 vaporet.
