2409 3317
419 346 616 409 OARMINUM
635 354 656 407 Ι.
677 354 753 407 5-7.
962 356 979 405 9

260 458 375 526 Nigrum
387 458 541 512 Merionen?
558 466 607 513 'sut
618 476 667 528 ope
679 460 795 514 Pnllsdis

330 527 450 608 Tydiden
461 527 567 597 Superis
578 529 687 648 fierem?

260 594 314 647 Nos
326 596 454 662 convivis,
466 612 513 649 nos
524 613 580 666 pros
592 598 618 650 'a
630 596 763 665 virginum

262 662 344 716 Sectis
356 664 386 715 in
393 666 505 733 juvenes
516 665 652 733 unguibus
663 667 764 719 serium

260 732 403 785 Cantemus
415 733 493 786 vsoui
505 734 559 786 sive
572 734 636 802 quid
647 734 756 802 urimur,

328 801 388 854 Non
400 808 496 870 praeter
507 802 615 856 solitum
627 803 703 858 leves.
944 809 978 858 20

259 954 407 1037 cAuMuN
424 955 560 1009 Vll-sn
573 970 596 1008 n.
609 970 762 1008 susurrus
776 970 913 1010 smroun.

188 1072 362 1125 hunsnunr
375 1072 422 1125 slii
434 1072 532 1127 olorum
545 1072 656 1125 Rhodon
667 1078 716 1126 aut
727 1072 883 1142 Mytilenen,

257 1143 312 1193 Aut
324 1140 447 1209 llpheson
457 1142 598 1195 bimarisve
610 1142 728 1194 Corinthi

188 1208 295 1276 Moenia,
308 1209 350 1262 vel
362 1210 465 1263 Boooho
477 1210 579 1263 Thebes
590 1210 633 1264 vel
644 1210 767 1279 Apolline
779 1210 895 1280 Delphos

259 1277 314 1329 Insi
352 1296 378 1331 es
391 1285 438 1331 eut
450 1278 574 1332 Thessnln
586 1280 690 1348 Tempe.

188 1346 264 1412 Sunt,
276 1295 371 1415 quffirs
383 1364 467 1401 unum
479 1364 544 1416 opus
556 1355 596 1400 est
607 1347 716 1401 intaotse
727 1348 844 1401 Pullsdis
855 1348 964 1401 urbems

259 1414 379 1468 Carmine
391 1422 518 1484 perpetuo
530 1416 667 1478 celebrere,
681 1419 708 1467 et

187 1483 328 1604 Ussdissueh
341 1484 490 1551 decerptam
502 1484 583 1535 fronti
595 1499 745 1551 praeponere
756 1484 860 1539 olivam.

279 1552 391 1605 lurimus
404 1552 432 1604 in
444 1552 463 1605 J
464 1552 558 1604 unonis
569 1552 694 1604 honorem
836 1611 840 1619 Ι

187 1620 289 1691 Aptum
301 1621 371 1674 dicet
383 1621 457 1689 equis
469 1621 552 1689 Argos
564 1620 683 1689 ditesque
694 1620 827 1690 Mycenas.

256 1690 301 1742 Me
313 1690 544 1759 neotsmpotiens
556 1689 726 1744 Irseedaemon
941 1695 974 1743 10

186 1758 242 1811 Neo
254 1765 310 1812 tem
321 1760 429 1813 Lorissae
442 1759 569 1829 percussit
580 1776 688 1829 campus
700 1759 801 1841 opimos,

257 1828 342 1891 Quem
354 1828 445 1881 domus
457 1827 584 1882 Albuneae
595 1836 741 1882 resonantis

186 1896 222 1948 Et
233 1914 348 1977 praeceps
360 1897 428 1950 Anio
440 1914 471 1951 eo
482 1897 592 1950 Tiburni
603 1897 679 1953 lusus
691 1904 719 1952 et
730 1896 784 1952 udo
893 1951 895 1957 ,
963 1957 966 1964 ,

255 1964 399 2019 Mobilibus
410 1967 528 2036 pomeria
538 1967 609 2019 rivis.

185 2034 269 2087 Albus
281 2040 312 2087 ut
323 2035 431 2088 obeouro
443 2036 561 2104 deterget
573 2035 666 2089 nubile
678 2035 742 2089 ooelo

255 2103 329 2173 Saepe
340 2104 426 2159 Notus
437 2122 524 2174 neque
535 2105 651 2173 perturit
662 2104 758 2158 imbres
871 2108 874 2114 '

185 2172 335 2240 Perpetuos,
348 2174 384 2226 sio
396 2180 428 2225 tu
440 2175 543 2242 sepiens
553 2173 630 2226 finire
641 2180 772 2227 memento

253 2242 399 2295 'iristitiam
410 2242 525 2310 viteque
536 2241 637 2295 lsbores

185 2309 269 2375 Molli,
281 2311 387 2378 Plance,
399 2328 478 2378 mero,
490 2328 536 2363 seu
547 2317 575 2365 te
586 2309 718 2378 fulgentis
730 2309 813 2379 signis

253 2380 344 2433 Castra
356 2385 448 2433 tenent
460 2397 506 2433 seu
518 2380 599 2433 densa
611 2379 712 2434 tenebit
936 2384 970 2433 20

183 2446 286 2501 l'ibun's
298 2448 392 2503 umbra
403 2450 451 2502 tui.
487 2450 585 2504 Teucer
596 2448 731 2505 Salamine
741 2455 896 2520 patremque

253 2518 340 2581 Quum
352 2519 462 2585 fugeret,
475 2525 564 2572 tumen
577 2520 630 2573 ude
641 2520 719 2587 hyaeo

182 2586 310 2654 'l'empors
320 2588 434 2656 populeo
445 2587 529 2641 fertur
540 2588 656 2643 vinxisse
667 2604 769 2653 oorons,

252 2653 295 2708 Sic
307 2656 395 2709 tristes
406 2656 502 2709 effetus
513 2658 623 2711 amieos:

181 2725 195 2751 ‘⁴
205 2723 320 2844 Quosspros
331 2740 435 2793 cunque
443 2726 512 2807 feret
523 2727 615 2847 mteeslior
625 2728 733 2835 fprtuns
743 2732 851 2794 putente

283 2810 359 2860 unus,
372 2811 387 2845 o
399 2811 460 2846 soon
472 2812 538 2847 comr
567 2813 644 2863 sque.

677 2900 687 2925 ⁸
702 2901 795 2952 Indeque
