2409 3317
191 354 244 407 236
513 349 669 405 nondun
694 385 697 395 Δ

191 452 331 521 Siguetum
342 459 471 527 presente
482 461 547 510 note
556 457 701 526 producere
712 475 814 511 nomen.

191 522 231 575 Ut
241 522 315 577 silves
326 524 396 578 foliis
407 541 502 594 pronos
513 532 654 579 mutentur
665 527 694 579 in
705 544 795 593 ennos,
944 530 978 580 60

191 590 281 645 Prlme
292 589 393 646 mdunt
399 612 407 657 ;
424 593 464 647 its
475 592 614 647 verborum
626 601 703 649 setus
714 596 807 649 interit
819 602 890 663 uetus,

191 659 227 713 Et
240 662 366 715 'uvenum
376 662 431 715 ritu
443 662 537 716 florent
548 664 626 717 modo
637 668 702 718 nete
713 666 863 734 vigentque.

191 729 232 782 De
264 747 324 782 mur
334 731 413 784 morti
425 748 473 784 nos
484 738 640 801 nostreque3
658 734 712 787 sive
724 740 845 803 receptus

191 798 272 851 llerrs
282 799 424 868 Neptunus
436 800 530 854 elssses
541 802 707 870 aquilonibus
719 808 798 871 erest,

193 868 272 935 Regis
284 869 498 990 opusssoesterilisve
510 870 558 922 diu
566 870 643 939 palus
654 877 769 940 apteque
781 874 858 925 remis

193 936 301 990 Vicinus
312 954 345 989 ur
399 938 450 991 elit
461 944 489 992 et
500 957 580 1007 greve
592 939 674 993 sentit
686 946 811 1009 eremum,

192 1005 245 1059 Seu
256 1023 363 1059 sursum
374 1008 489 1061 mutavit
501 1008 622 1077 iniquum
633 1008 754 1076 frugibus
765 1010 850 1062 smnis

192 1075 293 1128 Doetus
304 1074 355 1128 iter
365 1076 467 1143 melius,
479 1078 601 1130 mortalis
613 1078 685 1131 fsots
697 1078 829 1147 peribunt,

191 1144 297 1197 Nedum
309 1161 457 1198 sermonum
469 1151 521 1198 stet
533 1146 615 1199 honos
627 1152 654 1199 et
666 1147 753 1214 gratis
764 1148 851 1201 visun

192 1213 282 1266 Mults
292 1220 470 1283 rensseentur,
481 1232 540 1283 quse
548 1217 607 1284 jem
618 1216 741 1284 oecidere,
754 1217 900 1285 sedentque
947 1219 979 1269 70

192 1282 257 1346 Quu
267 1299 340 1335 nune
351 1287 415 1336 sunt
426 1284 455 1336 in
467 1283 564 1337 honore
575 1284 711 1353 soosbuls,
723 1285 746 1338 si
757 1286 828 1339 solet
841 1304 909 1350 uerus,

193 1352 277 1415 Quem
289 1368 368 1421 penes
379 1351 519 1406 arbitrium
530 1359 570 1407 est
582 1359 610 1406 et
618 1356 663 1423 jus
675 1360 703 1407 et
714 1372 805 1409 norme
817 1356 842 1409 lo
862 1356 951 1409 uendi.

193 1420 245 1473 Res
256 1427 337 1489 gestu
349 1437 492 1492 regumque
504 1423 656 1491 ducumque
668 1428 695 1476 et
707 1424 795 1477 tristis
806 1375 876 1477 balb

193 1490 251 1554 Quo
263 1489 341 1543 seribi
352 1497 458 1559 possent
469 1509 585 1559 numero,
596 1493 754 1546 monstrarit
767 1493 903 1546 Homerus.

193 1557 318 1612 Versibus
329 1559 467 1628 imwiter
474 1562 576 1630 junctis
588 1562 751 1631 querimonis
763 1563 887 1631 primum,

193 1626 257 1681 Post
268 1629 350 1682 etism
361 1630 465 1684 incluse
476 1637 516 1684 est
528 1631 583 1684 voti
595 1631 727 1685 sententis
739 1648 850 1701 compos.

194 1698 259 1761 Quis
271 1701 361 1751 temen
372 1699 482 1768 exiguos
493 1699 579 1767 elegos
591 1701 707 1753 emiserit
719 1706 817 1767 suetor,

194 1766 365 1819 Gremmstiei
377 1773 480 1821 oertsnt
492 1775 520 1821 et
532 1769 620 1822 sdhue
632 1769 681 1823 sub
689 1769 780 1839 judioe
791 1770 824 1823 lis
836 1777 882 1823 est.

193 1834 381 1887 Archilochum
392 1838 497 1905 proprio
509 1837 594 1889 rubios
605 1834 719 1891 armavit
732 1839 835 1903 ismb03
1021 1892 1025 1897 .

194 1904 275 1957 Hune
286 1904 354 1956 soeei
366 1920 457 1974 cepere
468 1905 561 1973 pedem
573 1907 737 1977 grandesque
748 1907 878 1976 eothurni,
948 1910 982 1959 80

195 1972 312 2026 Alternis
323 1976 417 2041 sptum
429 1975 590 2028 sermonibus
601 1981 630 2029 et
641 1993 675 2045 po
694 1976 780 2030 ulures

195 2041 350 2095 Vinoentem
364 2047 417 2095 stre
435 2043 490 2097 itus
501 2049 529 2098 st
540 2050 636 2098 netum
647 1994 723 2099 rebus
735 2046 851 2115 agendis.

195 2110 274 2165 Muss
285 2111 359 2165 dedit
370 2112 418 2165 fidi
479 2113 552 2167 divos
564 2132 709 2184 puerosque
722 2116 843 2184 Deorum,

195 2181 231 2234 Et
242 2180 361 2251 pugilem
372 2182 498 2236 victorem
510 2188 537 2235 et
549 2201 647 2253 equum
659 2185 801 2237 oertumine
812 2185 930 2254 primum

195 2250 233 2303 Et
240 2252 368 2319 juvenum
382 2268 457 2305 eurus
469 2257 496 2306 et
509 2252 591 2306 libers
602 2254 666 2307 vius
677 2254 781 2307 referre,

196 2319 347 2388 Descriptus
360 2336 462 2375 sensere
474 2322 543 2375 siees
555 2339 715 2392 operumque
728 2323 824 2376 colores

196 2388 250 2441 Gur
261 2404 310 2456 ego
322 2388 344 2440 si
355 2405 456 2458 nequeo
467 2390 610 2460 ignoroque
622 2394 701 2461 po'e'tu
713 2391 828 2445 salutorl

197 2458 250 2511 Gur
260 2458 360 2511 neseire
372 2460 473 2528 pudens
485 2477 565 2529 preve
577 2477 658 2529 quum
670 2461 769 2513 dissere
780 2460 867 2513 melol

198 2526 322 2581 Versibus
334 2529 431 2610 exponi
442 2529 550 2596 tregieis
561 2547 602 2582 res
615 2531 715 2583 eomies
725 2546 779 2582 non
791 2530 865 2593 vult;

198 2597 359 2664 Indignstur
369 2602 434 2651 rtem
445 2597 555 2666 privetis
567 2614 598 2651 uo
609 2615 691 2668 prope
703 2615 776 2651 soeoo
949 2602 984 2651 90

197 2665 293 2733 Dignis
304 2666 463 2719 carminibus
475 2666 576 2719 narrari
585 2682 659 2719 ooens
671 2667 799 2735 rl'hyestoe.

198 2734 310 2802 Singula
321 2751 431 2804 quseque
442 2736 529 2788 locum
540 2740 650 2787 teneant
662 2736 755 2788 sortite
766 2736 896 2790 decenter.

199 2801 338 2856 Interdum
351 2809 438 2856 tumen
451 2808 479 2856 et
490 2819 580 2856 rocem
593 2804 719 2856 comoedia
731 2804 810 2870 tollit,

199 2870 339 2941 Irstusque
351 2873 472 2925 Chremes
485 2872 586 2925 tumido
598 2871 721 2939 delitigat
732 2889 790 2934 ore;
