2409 3317
231 360 280 413 138
543 351 699 407 nontin

229 453 332 506 Dixeris
344 469 399 506 esse
411 453 474 507 satis
481 471 489 518 ς
507 454 634 521 nsque-si
646 453 692 521 qui
703 452 801 509 scribet
812 452 854 506 uti
864 469 913 507 uos

228 520 346 575 Sermoni
357 522 484 591 propiore,
496 530 573 591 putes
585 523 656 577 hune
668 539 723 575 esse
734 523 847 590 pettam.

227 590 370 659 Ingenium
381 591 425 643 cui
436 591 479 657 sit,
491 591 535 646 cui
546 609 620 645 mens
631 591 745 643 divinior
755 596 836 711 ιιζυο
846 607 875 643 os

229 658 328 727 Magno
340 666 501 727 conaturum,
514 660 559 713 des
571 660 685 713 nominis
696 660 776 727 hujus
807 675 919 712 onorem.

229 728 330 781 Idcirco
342 728 457 796 quidum,
469 730 595 785 comoedis
606 746 689 782 necno
701 730 795 796 points

229 797 312 864 Esset,
325 798 481 865 quoesivers3
498 798 568 867 quod
580 815 641 851 socr
653 798 761 865 spiritus
772 814 804 849 sc
815 795 856 849 vis

228 865 255 917 N
255 882 284 918 sc
296 866 381 921 verbis
392 883 441 921 nec
452 866 529 921 rcbm
540 867 618 934 inest,
629 866 681 918 nisi
692 865 762 933 quod
773 864 839 934 pede
850 871 921 917 certo

228 932 324 987 Differt
333 936 452 1002 sermoni,
464 952 547 990 sermo
559 952 654 991 morus
690 936 704 964 ‘³
713 936 750 989 At
760 942 836 1001 pstor
847 935 941 989 erdem

231 1004 318 1072 Serio,
330 1005 400 1073 quod
411 1004 546 1059 meretrice
557 1020 638 1073 nepos
648 1004 757 1057 inssnrm
767 1003 853 1057 emico

231 1073 315 1126 Filius
327 1091 435 1127 uxorem
447 1073 541 1143 grsndi
552 1090 613 1125 oum
624 1072 685 1127 dote
696 1078 805 1139 rccuset,
982 1075 1023 1123 50

231 1142 326 1194 Ebrius
338 1149 371 1208 et,
384 1159 510 1209 msgnum
522 1142 592 1210 quod
603 1141 723 1206 dedecus,
734 1140 852 1193 ambulet
863 1147 926 1193 ente

229 1209 339 1261 Noctem
351 1224 412 1263 oum
424 1212 549 1267 fecibus.’'
584 1210 722 1278 Numquid
734 1209 893 1277 Pomponius
904 1210 964 1263 istis

231 1275 342 1329 Audiret
353 1276 458 1345 leviora,
470 1284 545 1346 pstor
556 1278 579 1331 si
590 1277 707 1333 viveret?
741 1278 812 1346 Ergo

230 1344 290 1397 Non
303 1346 365 1398 setis
377 1353 417 1400 est
447 1346 502 1401 uris
514 1364 618 1401 versum
629 1346 786 1417 perscribere
798 1346 890 1413 verbis,

231 1412 315 1477 Quem
327 1415 349 1467 si
361 1364 493 1483 disscissus,
504 1416 590 1485 quivis
602 1417 779 1471 stomachetur
790 1416 881 1469 eodem

231 1481 288 1545 Quo
300 1490 453 1552 personatus
465 1491 543 1553 pscto
554 1492 636 1565 peter.
665 1486 730 1566 .ffi⁸’
741 1501 789 1565 ego
800 1501 859 1553 quae
869 1500 948 1550 nunc,

231 1550 301 1603 Olim
312 1570 371 1621 quse
383 1554 487 1623 scripsit
499 1554 623 1620 Lucilius,
635 1554 730 1623 snpiss
742 1569 764 1605 οι
970 1558 1021 1619 “¹⁵2

230 1619 357 1689 Tempore
368 1629 440 1677 certo
451 1623 592 1691 modosque
604 1631 639 1691 et,
666 1622 717 1676 uod
729 1622 802 1702 prius
811 1622 901 1703 ordine
909 1550 1021 1675 verium

231 1687 362 1743 Posterius
374 1691 464 1759 facias,
476 1708 629 1809 prespponens
669 1692 736 1744 time
747 1708 846 1760 prims,

229 1754 296 1821 Non,
309 1763 340 1809 ut
352 1756 375 1809 si
387 1755 478 1821 solvas,
491 1758 507 1786 ‘⁴
536 1765 657 1825 estquem
668 1759 806 1814 Discordia
816 1767 887 1816 totto
985 1764 1023 1817 60

230 1823 297 1875 Belli
309 1824 418 1876 ferratos
430 1828 516 1891 postes
528 1831 668 1892 portssqus
678 1822 810 1894 refregit,”
960 1867 963 1874 .

231 1890 353 1945 Invenies
365 1892 447 1945 etism
459 1892 562 1973 disjecti
574 1892 691 1948 membro
701 1895 795 1964 potue.

230 1959 367 2013 Hactenus
379 1960 451 2015 hoec:
469 1960 542 2027 ehu,
551 1962 655 2028 justum
666 1962 701 2017 sit
712 1980 795 2018 necne
843 1965 908 2031 ”ms‚

229 2028 255 2080 N
255 2046 308 2081 uno
319 2028 387 2081 illud
399 2035 505 2085 tuntum
517 2046 641 2098 quietum,
653 2031 780 2085 meritone
791 2038 815 2084 t1
831 2032 842 2083 i
854 2032 889 2087 sit

230 2097 279 2150 Sus
313 2091 386 2152 otum
398 2116 481 2168 genus
492 2098 544 2155 hoc
556 2100 693 2154 scribendi
728 2098 833 2154 Sulcius
844 2117 905 2153 scer

230 2166 282 2219 Am
299 2168 357 2222 ulst
369 2174 396 2221 et
409 2168 525 2238 Osprius‚
537 2170 611 2223 rsuci
621 2170 691 2223 mals
702 2185 813 2237 cumque
825 2168 928 2235 libellis,

229 2235 343 2305 Magnus
355 2243 466 2307 uterque
478 2239 556 2293 timor
567 2238 728 2302 latronibus3
745 2244 775 2291 et
787 2237 852 2291 bene
864 2237 958 2307 siquis

229 2304 265 2358 Et
276 2306 350 2359 rivet
361 2308 434 2375 puris
445 2306 574 2373 monibus,
586 2311 738 2363 contemnet
750 2312 899 2377 utrumque.

230 2374 266 2426 Ut
279 2375 313 2427 sis
325 2380 356 2427 tu
368 2375 461 2427 similis
473 2376 537 2429 Oaeli
548 2374 618 2429 Birri
635 2394 669 2429 us
680 2376 822 2443 latronum,

228 2442 255 2493 N
255 2460 289 2495 on
301 2459 348 2510 ego
360 2460 419 2496 sum
431 2444 509 2512 Ocpri
520 2461 540 2497 n
571 2462 606 2499 ue
617 2393 703 2499 dulei:
721 2461 769 2497 cur
779 2449 883 2497 metuas
894 2442 954 2499 moi
984 2445 1018 2499 70

228 2510 311 2563 Nulla
322 2510 431 2563 taberna
441 2528 512 2565 meos
523 2461 620 2565 hidrest
631 2530 716 2581 usque
727 2512 783 2580 pilu
794 2511 903 2579 libellos,

230 2579 295 2642 Quis
307 2595 401 2631 monus
412 2578 519 2633 insudet
530 2580 606 2648 vulgi
617 2580 842 2649 Hermogenisque
853 2580 962 2649 uigent:

228 2646 254 2698 N
255 2664 284 2699 ec
295 2647 377 2699 recito
389 2648 513 2715 cuiquem
524 2648 576 2700 nisi
587 2649 686 2714 amieis,
697 2650 777 2717 idque
789 2655 903 2716 conotus,

229 2717 289 2770 Non
301 2716 387 2771 ubivis
398 2736 518 2773 coramve
530 2718 698 2788 quibuslibet.
732 2722 748 2749 “
755 2720 789 2772 ln
800 2721 886 2774 medio
897 2721 945 2791 qui

230 2784 334 2853 Scripta
344 2787 401 2841 foro
412 2788 530 2854 recitent,
543 2794 606 2840 sunt
617 2788 696 2841 multi
708 2788 805 2859 quique
816 2790 944 2845 levantes

230 2852 316 2911 Suom
327 2852 399 2911 loeus
411 2855 469 2911 voci
480 2862 585 2911 resonet
595 2856 755 2912 conclusos”
791 2857 889 2913 Inones
