2409 3317
243 362 294 417 176
554 356 709 411 Housull

239 456 343 510 ‘Nonne
355 455 440 509 vides’
448 484 484 495 -
491 456 588 524 aliquis
600 456 690 509 cubito
702 460 815 508 stentem
827 470 907 523 prope
919 461 1035 523 tangens

241 524 349 594 Inquiet
360 554 402 592 -,
415 526 461 578 ‘ut
473 526 584 594 patiens,
596 531 629 578 ut
641 525 731 578 amicis
743 530 829 593 aptus,
841 529 873 576 ut
883 540 944 578 acer
953 523 972 578 ι’

239 597 333 652 Plures
345 598 482 652 adnabunt
494 598 592 651 thunni
603 604 631 651 et
642 597 740 651 cetaria
752 604 876 653 crescent

239 666 268 719 Si
277 668 321 721 cui
332 673 459 737 praterea
469 667 573 720 validus
583 666 654 719 male
665 667 735 719 filius
746 667 776 718 in
787 684 816 719 re

239 734 370 789 Preclm
381 734 500 789 sublatus
511 736 605 804 aletur,
617 753 651 788 ue
661 735 833 788 manifestum

240 804 343 858 Orelibis
354 804 508 873 obsequium
519 806 603 858 nudet
615 810 642 857 te
661 804 757 857 leniter
767 805 797 857 in
809 822 883 874 spem

238 872 344 943 Adrepe
355 873 490 942 officiosus,
502 880 534 927 ut
546 879 574 927 et
585 845 697 926 scrifrere
709 874 839 925 secundus

239 940 323 995 Heres
335 948 368 1010 et,
380 943 473 1011 siquis
485 958 560 996 casus
571 959 683 1011 puerum
694 942 778 1010 egerit
791 943 864 1011 Orco,

238 1010 273 1064 In
284 1028 399 1064 vacuum
410 1013 515 1076 venias;
531 1029 636 1081 perraro
648 1011 706 1064 haec
717 1011 776 1064 alea
786 1011 865 1064 fallit.
997 1015 1034 1065 δι)
1110 1012 1111 1039 ¹

239 1079 293 1143 Qui
304 1086 492 1134 testamentum
503 1080 591 1134 tradet
602 1078 653 1132 tibi
665 1096 768 1148 cunque
779 1080 929 1148 legendum,

237 1148 361 1202 Abnuere
372 1154 400 1201 et
411 1149 515 1202 tabulae
526 1167 543 1202 a
554 1155 582 1202 te
593 1166 725 1201 removere
736 1154 876 1217 memento,

238 1217 282 1271 Sic
293 1225 391 1285 temen,
403 1223 435 1270 ut
446 1218 517 1270 limis
527 1218 622 1287 rapias,
634 1218 699 1286 quid
710 1218 796 1286 prima
808 1217 921 1271 secundo

239 1287 304 1341 cere
314 1288 380 1341 velit
391 1304 483 1351 versu;
501 1287 571 1339 solus
581 1286 709 1339 multisne
720 1287 832 1354 coheres,

237 1355 329 1410 Veloci
340 1373 461 1426 percurre
473 1355 554 1409 oculo.
590 1355 749 1422 Plerumque
760 1361 878 1409 recoctus

237 1424 328 1479 Scriba
340 1443 373 1478 ex
385 1425 557 1506 quinqueviro
569 1441 678 1505 corvum
690 1424 798 1477 deludet
808 1424 935 1519 piantem,

235 1496 413 1616 ίςῖιιῖιιῧῗιιωιτιιίιιιιξ
419 1494 689 1631 idzliilpffinffffi
700 1493 865 1616 ffios'oura
876 1562 993 1617 canendo
1001 1562 1031 1617 ι”

235 1632 281 1684 “0
294 1632 440 1698 Ιιιὲιιίιάιι,
452 1631 582 1701 quidquid
593 1631 687 1697 dicam,
700 1636 747 1683 aut
759 1632 810 1685 erit
821 1638 869 1685 aut
880 1649 950 1685 non:

235 1700 362 1754 Divinare
374 1701 473 1754 etenim
483 1718 596 1768 magnus
608 1700 675 1752 mihi
686 1700 767 1753 donat
780 1700 896 1769 Apollo.’'
993 1704 1030 1753 60

236 1769 250 1795 “
261 1769 330 1831 Quid
342 1775 432 1821 tamen
443 1769 495 1820 ista
506 1770 573 1822 velit
584 1768 635 1820 sibi
645 1768 744 1835 fabula,
757 1769 778 1821 si
790 1770 861 1837 licet,
873 1767 944 1822 ede.'’

235 1836 252 1865 “
259 1836 385 1903 Tempore
396 1852 448 1903 quc
455 1837 562 1901 juvenis
575 1836 681 1890 Parthis
693 1837 845 1902 horrendus,
857 1837 890 1891 ab
902 1837 956 1891 alto

235 1899 385 1955 Demissum
396 1919 480 1969 genus
491 1901 582 1970 AEnea,
593 1902 689 1955 tellure
701 1903 820 1971 marique

235 1969 352 2038 Magnus
363 1970 421 2035 erit,
432 1970 496 2023 forti
507 1971 590 2024 nubet
601 1988 708 2040 procera
721 1972 819 2025 Corano

236 2038 306 2091 Filia
318 2039 427 2105 Nasica,
438 2041 582 2093 metuentis
592 2040 701 2092 reddere
714 2040 823 2094 solduua

236 2106 304 2159 Tum
315 2124 395 2175 gener
407 2108 457 2160 hoc
468 2108 561 2163 facia:
580 2108 686 2161 tabulas
698 2126 784 2162 secero
796 2108 962 2179 dubitatque

236 2175 274 2229 Ut
285 2176 357 2245 legat
369 2176 469 2242 orabit;
486 2179 603 2231 multum
615 2177 713 2230 Nasica
724 2184 834 2245 negatas

234 2246 356 2315 Accipiet
367 2247 476 2299 taudem
487 2255 515 2300 et
527 2247 625 2301 tacitus
637 2247 715 2314 leget,
727 2246 896 2316 invenietque

235 2313 261 2365 N
261 2314 281 2365 il
294 2314 344 2366 sibi
354 2315 472 2383 legatum
484 2322 579 2383 praeter
610 2316 693 2369 lorare
705 2315 817 2383 suisque.

236 2382 308 2435 Illud
320 2383 354 2435 ad
366 2383 424 2436 hoec
432 2384 525 2452 jubeo:
544 2402 571 2436 m
603 2384 640 2436 ‘er
652 2384 674 2435 si
685 2384 753 2436 forte
766 2384 854 2437 dolosa
993 2386 1029 2438 70

235 2450 388 2504 libertusve
401 2470 489 2505 senem
500 2452 614 2505 delirum
625 2458 761 2521 temperet,
773 2452 826 2505 illis

235 2520 350 2573 Accedes
363 2522 464 2585 secius;
481 2521 580 2589 laudes,
592 2521 708 2574 lauderis
720 2527 752 2574 ut
763 2521 863 2575 absens.

234 2588 352 2657 Adjuvat
364 2589 413 2641 hcc
425 2606 535 2656 quoque,
550 2590 594 2642 sed
607 2590 691 2643 vincit
702 2590 787 2658 longe,
799 2591 871 2659 prius
883 2589 971 2659 ipsum

234 2656 395 2726 Expugnare
408 2662 495 2723 caput.
531 2658 632 2711 Scribet
643 2658 714 2711 mala
726 2660 843 2713 carmina
854 2676 956 2713 vecors:

234 2724 361 2777 Laudato.
396 2724 529 2777 Scenator
540 2726 603 2777 erit:
622 2732 724 2779 cavete
735 2743 764 2778 ro
783 2733 824 2792 et;
843 2728 913 2780 ultro

234 2791 393 2859 Penelopam
404 2793 490 2844 facilis
502 2794 596 2861 potiori
608 2791 707 2847 trade.’'
744 2745 884 2848 “{utasne
896 2794 906 2849 ι

234 2858 346 2914 Perduci
357 2860 454 2928 peterit
466 2868 522 2915 tam
533 2862 605 2930 frugi
616 2868 724 2931 tamque
735 2863 840 2931 pudica,
