2409 3317
217 350 268 403 144
529 346 689 405 ΗΟΒΔΤΙΙ
767 407 769 410 ,

216 453 272 507 Nec
284 450 354 522 quod
365 467 430 507 erus
441 448 492 506 tibi
502 456 639 505 metemus
649 451 703 505 fuit
714 457 795 520 utque
806 458 941 522 paternus,
995 464 1003 471 ·

216 521 286 574 Olim
298 522 344 591 qui
355 521 459 589 mugnis
470 519 617 589 legionibus
628 519 821 589 imperitarent,

216 590 255 643 Ut
267 590 384 660 plerique
396 589 490 656 solent,
501 605 565 643 naso
577 587 714 657 suspendis
726 587 832 644 adunco

217 657 333 727 Ignotos,
346 665 378 711 ut
388 676 431 711 me
442 656 565 711 libertino
613 663 654 710 tre
665 664 767 712 netum.

217 727 306 793 Quum
317 728 413 780 referre
425 743 513 796 negas,
526 674 614 795 qunll²
611 726 646 778 sit
657 725 768 795 quisque
843 733 890 781 nte

216 796 310 863 Natus,
324 796 388 848 dum
399 796 538 864 ingenuus,
663 811 690 847 es
702 794 751 848 hoc
762 801 785 848 tr
803 795 813 847 i
824 812 894 859 rere,

217 865 288 918 Ante
299 870 457 934 potestatem
469 862 542 917 runi
554 867 635 931 etque
646 862 761 931 ignobile
773 880 886 933 regnum

217 933 316 987 Multos
328 931 569 1003 seperirosnullis
580 932 803 1000 mojoribusortos
980 937 1019 986 10

216 1000 253 1055 Et
265 1002 362 1057 vixisse
373 1001 474 1071 probos,
486 1018 529 1055 em
548 1000 582 1054 lis
593 1005 622 1053 et
632 999 775 1053 honoribus
786 1007 892 1066 unctos3

218 1071 314 1125 Oontre
326 1071 470 1138 Laevinum,
483 1018 573 1123 Vulperi
585 1085 678 1150 genus,
690 1069 762 1123 unde
774 1070 901 1152 superbus

218 1140 375 1209 Tarquinius
386 1155 468 1207 regno
478 1138 571 1220 pulsus
583 1138 661 1206 fugit,
673 1138 754 1191 unius
765 1156 830 1191 assis

218 1208 279 1263 Non
290 1225 408 1277 unquam
419 1212 504 1277 pretio
515 1206 599 1276 pluris
610 1206 722 1273 licuisse,
734 1213 844 1262 notente

218 1277 238 1329 J
239 1277 323 1343 udice,
335 1293 386 1345 quo
398 1275 475 1342 nosti,
487 1274 591 1345 populo,
603 1275 650 1345 qui
662 1276 761 1331 stultus
772 1276 883 1331 honores

220 1346 295 1429 Scope
307 1345 354 1399 det
365 1345 482 1413 indignis
493 1349 521 1397 et
532 1344 611 1397 samse
624 1345 704 1397 servit
715 1345 829 1415 ineptus,

219 1415 272 1479 Qui
283 1420 373 1485 stupet
384 1414 414 1468 in
425 1413 512 1467 titulis
524 1418 552 1467 et
562 1412 730 1481 imaginibus.
766 1414 836 1480 Quid
847 1421 950 1484 oportet

220 1484 274 1537 Nos
285 1484 371 1537 fecere
382 1500 400 1537 a
411 1483 491 1551 vulgo
502 1482 547 1537 lon
565 1499 580 1535 e
591 1482 721 1551 longeque
732 1482 861 1537 remotosl

219 1552 342 1621 Namque
353 1558 416 1620 esto,
428 1552 542 1622 populus
599 1551 661 1603 vino
672 1551 765 1605 mallet
777 1551 902 1605 honorem

220 1621 306 1686 Quem
317 1622 398 1675 Decio
409 1621 534 1674 mandere
546 1636 621 1686 noro,
634 1636 775 1689 censorque
786 1627 902 1677 moveret
978 1624 1016 1675 20

219 1689 329 1811 Appius,
340 1690 455 1759 ingenuo
467 1690 490 1742 ai
500 1706 554 1743 non
566 1705 648 1741 essem
660 1694 735 1757 patre
746 1697 839 1745 natus:

220 1758 260 1811 Vc
281 1758 383 1826 merito,
394 1758 518 1827 quoniam
529 1758 558 1809 in
570 1757 675 1825 propria
686 1775 739 1810 non
751 1759 820 1828 pelle
831 1759 966 1829 quiessem
995 1768 998 1771 ’

220 1826 272 1880 Sed
283 1826 403 1894 fulgente
415 1825 498 1879 trehit
510 1826 663 1879 constrictos
674 1826 758 1895 gloria
770 1846 848 1881 curru

220 1894 280 1948 Non
291 1895 380 1947 minus
391 1894 494 1963 ignotos
506 1895 643 2015 qpnerosis
680 1895 738 1960 Quo
749 1896 807 1963 tibi,
818 1897 889 1965 lilii,
926 1926 931 1951 ι

500 1980 515 2015 c

221 1962 328 2017 Sumere
340 1962 488 2034 depositum
542 1980 605 2015 vum
617 1963 725 2045 fierique
737 1965 859 2021 tribunol

222 2032 328 2086 Invidin
339 2032 460 2099 accrevit,
472 2031 574 2101 privato
586 2049 646 2101 que
658 2050 744 2085 mmor
755 2041 829 2088 esset.

221 2100 291 2153 Nem
302 2108 334 2155 ut
346 2102 455 2171 quisque
466 2102 574 2155 insanus
586 2101 669 2171 nigris
680 2102 797 2155 medium
809 2103 930 2173 impediit
942 2120 1001 2157 crus

221 2168 337 2223 Pellibus
349 2177 377 2224 et
387 2170 472 2224 latum
485 2169 589 2223 demisit
600 2175 705 2239 pectore
716 2170 829 2240 clarum,

220 2238 305 2290 Audit
313 2238 452 2292 continuo:
464 2238 548 2304 “Quis
556 2238 634 2293 homo
641 2240 685 2293 hic
692 2240 748 2294 esti
760 2247 895 2358 quopatre
901 2246 980 2295 natus
986 2240 1015 2293 l”

222 2305 259 2357 Ut
271 2306 352 2375 siqui
364 2310 474 2375 aegrotet
485 2322 536 2373 quo
548 2306 638 2359 morbo
649 2305 752 2373 Burrus,
784 2307 856 2360 eberi
978 2310 1015 2361 ³0

222 2374 260 2426 Ut
272 2374 362 2442 cupiet
374 2375 508 2441 formosus,
520 2378 565 2427 eet
576 2391 740 2443 quecunque,
752 2376 847 2444 puellis

223 2442 331 2509 injiciet
342 2460 433 2495 curem
445 2440 579 2511 quoerendi
590 2441 703 2510 singula,
715 2443 788 2512 quali

222 2509 264 2563 Sit
275 2510 350 2576 fecie,
363 2527 431 2577 sum,
443 2510 517 2591 queli
528 2510 601 2579 pede,
614 2510 700 2576 dente,
713 2512 822 2581 capillo:

223 2578 267 2631 Sic
279 2578 326 2645 qui
338 2578 471 2646 promittit
483 2578 560 2643 cives,
573 2578 666 2630 urbem
678 2578 727 2631 sibi
740 2598 818 2649 curre,

224 2647 369 2715 Imperium
381 2646 436 2698 iore
448 2651 475 2698 et
489 2644 606 2712 Italiam,
618 2645 728 2701 delubra
739 2649 864 2718 Deorum,

224 2714 282 2780 Quo
294 2720 370 2783 patre
382 2714 417 2766 sit
428 2718 516 2780 natus,
528 2730 595 2765 num
604 2714 696 2782 ignote
708 2724 793 2771 matre
804 2719 967 2785 inhonestus,

224 2782 321 2836 Omnes
331 2781 455 2835 mortales
468 2796 559 2836 curere
571 2788 599 2835 et
611 2799 726 2851 querere
737 2787 815 2855 cogit
831 2803 833 2806 ·
881 2804 884 2809 ·
988 2798 996 2807 '

226 2855 242 2884 ‘⁸
251 2855 325 2911 Tune
337 2850 404 2927 Syri,
415 2856 508 2913 Deme
519 2862 567 2914 eut
577 2857 691 2928 Dionysi
702 2856 783 2926 filim,
793 2858 874 2917 eudes
990 2910 994 2915 .
