2409 3317
528 338 684 395 nouum

489 449 639 506 OARMEN
657 450 715 503 III.

307 548 344 585 an
364 546 463 586 unvnu
482 548 538 593 oua
556 546 732 587 vnnnsnroa
744 545 893 584 vraomus

428 616 558 654 arueras
578 615 781 654 rsorrorsonua

278 686 324 741 Sro
336 693 363 739 te
375 686 437 739 diva
448 692 540 755 potens
553 686 640 755 (typri,

312 755 356 809 Sic
367 756 460 809 fratres
473 754 590 821 Helenae,
602 755 691 809 lucida
703 754 795 820 sidera,

279 824 475 905 Ventorumque
487 830 562 892 rogat
572 830 649 893 pater

314 892 450 947 Obstrict1s
462 892 521 945 aliis
532 898 628 961 praeter
640 892 750 961 Iapyga,

277 961 367 1028 Navis,
379 980 438 1031 quse
450 962 500 1013 tibi
512 963 642 1015 creditum

313 1030 397 1084 Debes
410 1030 559 1098 Virgilium,
570 1029 667 1083 finibus
680 1029 777 1083 Atticis

278 1099 382 1153 Reddas
394 1099 558 1167 incolumem,
570 1117 667 1167 precor,

312 1167 348 1220 Et
360 1186 444 1221 serves
455 1169 549 1220 anima
562 1168 702 1220 dimidium
713 1186 785 1221 mese.

279 1236 325 1288 llli
336 1235 415 1289 robur
426 1242 453 1289 et
465 1254 500 1289 ses
511 1237 609 1306 triplex

313 1304 387 1358 Circa
397 1311 489 1373 pectus
501 1313 564 1372 erat,
576 1306 624 1375 qui
634 1306 756 1375 fragilem
767 1307 838 1360 truci
965 1310 998 1357 10

279 1373 414 1427 Commisit
425 1374 518 1442 pelago
530 1380 615 1428 ratem

313 1442 417 1497 Primus
428 1460 476 1497 nec
488 1444 579 1497 timuit
609 1444 753 1513 raecipitem
765 1443 885 1496 Africum

278 1511 462 1566 Decertantem
473 1462 649 1582 Aquilonibus

312 1581 338 1634 N
338 1599 368 1635 ec
379 1583 466 1634 tristes
479 1582 587 1649 Hyadas
598 1600 647 1636 nec
658 1581 758 1635 rabiem
769 1580 841 1647 Noti,

279 1652 337 1717 Quo
348 1666 402 1700 non
413 1650 511 1702 arbiter
523 1650 631 1703 Hadria

313 1718 405 1786 Major,
418 1718 509 1770 tollere
521 1734 566 1769 seu
578 1735 673 1785 ponere
685 1716 745 1769 vult
756 1717 832 1770 freta.

279 1788 363 1853 Quem
374 1785 465 1837 mortis
477 1785 568 1839 timuit
580 1786 699 1853 gradum,

314 1855 366 1919 Qui
379 1854 452 1907 siccis
464 1854 546 1907 oculis
557 1859 674 1907 monstra
685 1855 814 1922 natantia,

280 1924 331 1989 Qui
343 1924 412 1976 vidit
422 1941 494 1976 mare
505 1924 643 1991 turgidum
655 1929 682 1977 et

315 1993 431 2045 Infamee
445 1992 563 2063 scopulos
575 1992 786 2047 Acroceraunial

278 2062 461 2131 Nequicquam
472 2062 543 2115 Deus
555 2060 667 2115 abscidit

314 2131 433 2184 Prudens
446 2130 547 2185 Oceano
560 2129 718 2185 dissociabili

279 2200 376 2266 Terras,
390 2200 413 2253 si
424 2206 514 2254 tamen
525 2201 615 2271 impiae

312 2269 374 2323 Non
385 2270 519 2338 tangenda
530 2276 600 2324 rates
611 2268 767 2324 transiliunt
779 2268 866 2321 vada.-

280 2337 377 2391 Audax
389 2340 477 2392 omnia
488 2340 591 2408 perpeti

314 2408 387 2460 Gens
395 2407 512 2460 humana
524 2408 579 2460 ruit
591 2425 638 2477 per
650 2407 763 2461 vetitum
775 2408 857 2459 nefas.

242 2502 245 2509 ·
279 2476 376 2529 Audax
389 2476 422 2527 Ia
454 2475 477 2527 ti
488 2492 571 2543 genus

315 2543 410 2612 Ignem
462 2543 515 2596 ude
525 2542 596 2596 mala
607 2543 731 2611 gentibus
743 2544 843 2598 intulit,

280 2612 343 2666 Post
355 2613 444 2679 ignem
457 2612 565 2665 aetheria
576 2611 653 2665 domo

314 2679 480 2733 Subductum
490 2680 587 2733 macies
598 2686 626 2733 ct
637 2696 705 2733 nora
716 2682 830 2735 febrium
965 2688 997 2735 30

281 2749 368 2803 Terris
379 2746 501 2800 incubuit
513 2749 611 2814 cohors,

315 2814 465 2886 Semotique
476 2817 549 2885 prius
560 2816 638 2870 tarda
649 2819 788 2871 necessitas
