2409 3317
336 676 468 753 VITA
507 675 740 753 HORATII.

441 1068 459 1109 1.
485 1066 623 1110 suarem

165 1198 317 1251 Houssros
327 1196 458 1261 insecus,
467 1196 626 1263 Venusinus,
634 1203 709 1265 patre
719 1197 763 1267 (ιιι
771 1198 828 1268 ipse
836 1196 931 1267 tradit)
943 1203 954 1249 1

127 1267 276 1334 libertino·,
293 1272 321 1319 et
337 1265 506 1320 exactionum
518 1272 655 1330 coactore;
678 1271 711 1318 ut
724 1284 785 1323 vero
801 1266 933 1321 creditum

128 1342 177 1403 eet,
195 1335 402 1401 salsamentario,
428 1351 512 1419 quum
529 1334 571 1387 illi
588 1334 698 1405 quidam
715 1336 744 1390 in
761 1336 932 1391 altercatione

128 1404 320 1474 exprobrasset,
337 1404 353 1434 “
361 1403 488 1495 quomens
505 1420 554 1525 οἷο
566 1404 624 1458 vidi
634 1410 738 1473 patrem
749 1411 828 1460 tuum
841 1405 931 1459 cubito

129 1491 157 1527 se
169 1471 391 1542 emungentemi'
412 1472 522 1527 BelloP
542 1472 572 1524 ili
591 1472 674 1540 pensi,
689 1474 793 1527 excitus
809 1491 826 1527 a
842 1474 957 1526 Marcet

130 1542 215 1595 Bruto
227 1544 390 1611 imperatore,
403 1541 525 1595 tribunus
536 1490 654 1595 miiitum
669 1542 767 1595 memit
778 1561 787 1607 ;
803 1542 933 1612 victisque

97 1668 100 1677 .
129 1610 258 1681 partibus,
270 1610 348 1665 venie
360 1610 509 1681 impetrata,
527 1610 656 1731 seriptum
673 1611 845 1679 quaeetofium
862 1628 932 1664 ωηι-

130 1681 249 1751 paravit:
267 1696 299 1733 ac
335 1680 402 1733 rimo
417 1679 566 1747 Maecenati,
597 1678 674 1733 einde
690 1681 734 1733 Au
784 1687 812 1734 to
830 1680 932 1736 insinu-

130 1756 200 1816 atus,
209 1766 297 1802 nonm
333 1749 426 1803 'ocrem
435 1749 464 1803 iu
472 1748 609 1803 amborum
615 1749 733 1803 amicitia
752 1766 829 1804 ocum
836 1750 930 1803 tenuit.

132 1818 263 1873 Maecenas
280 1822 441 1888 quantopere
459 1834 522 1871 eum
540 1817 671 1885 dilexerit,
687 1819 752 1872 satis
769 1822 955 1875 monstratura

130 1886 179 1940 illo
191 1886 387 1957 epigrammate,
398 1886 446 1939 ubi
458 1886 564 1956 inquit:

286 1992 300 2016 ¹⁴
307 1987 339 2034 Ni
350 1992 374 2033 te
383 1988 511 2035 visceribus
521 2000 586 2043 mers,
596 1986 689 2039 Horati,

306 2046 737 2163 nne

132 2196 179 2249 sed
196 2195 282 2249 multo
294 2196 381 2264 magis
397 2195 529 2264 extremis,
548 2196 597 2249 tali
612 2196 647 2250 ad
659 2196 812 2287 Augustum
828 2194 929 2263 elogio:

132 2264 263 2318 “Horatii
281 2265 377 2331 Flacci,
393 2270 425 2318 ut
441 2266 502 2331 mei,
518 2282 620 2319 memor
637 2271 699 2318 esto.
750 2263 888 2332 Augustus
905 2264 954 2320 eit

133 2334 304 2403 epistolarum
328 2334 444 2388 officium
461 2333 566 2401 obtulit,
583 2340 616 2387 ιιι
633 2332 683 2387 hoc
699 2334 734 2388 ad
757 2332 929 2387 Mseoenatem

134 2404 231 2472 eeripto
258 2402 406 2471 significat:
434 2403 450 2433 “
459 2403 529 2457 Ante
557 2403 613 2474 ipse
637 2402 781 2456 scribendis
812 2402 930 2471 epistolis

104 2512 109 2519 .
134 2472 277 2525 amicorum
294 2471 472 2525 sufficiebam
490 2489 562 2526 nuno
578 2472 803 2540 occupatissimus,
819 2476 846 2525 et
858 2470 930 2524 infir-

134 2558 200 2607 mus,
213 2540 355 2594 Horatium
366 2548 486 2593 nostrum
501 2548 557 2596 ate
570 2558 605 2594 cu
623 2541 649 2595 io
664 2540 799 2595 abducere
834 2539 930 2594 Veniet

134 2626 195 2677 ergo
207 2608 241 2662 ab
251 2610 303 2663 ista
315 2610 457 2679 parasitica
471 2627 563 2663 mensa
629 2610 698 2663 hanc
717 2609 824 2677 regiam,
836 2613 864 2662 et
881 2624 929 2663 nos

135 2678 163 2731 in
177 2677 318 2731 scribendis
330 2678 447 2747 epistolis
455 2676 587 2748 Jusabit.”
621 2677 661 2732 Ac
675 2696 709 2733 ne
724 2676 856 2732 recusanti
872 2677 953 2747 qui-6

135 2748 194 2801 dem
217 2752 265 2800 aut
289 2748 439 2801 succensuit
456 2746 606 2817 quiequam,
624 2752 673 2801 aut
689 2746 836 2800 amicitiam
854 2761 928 2799 susm

326 2872 335 2894 ⁸
350 2866 392 2905 aas.
401 2866 414 2903 i.
425 2866 442 2904 6.
453 2866 471 2911 6,
481 2864 512 2911 ii,
522 2864 559 2911 Λᾶς
572 2866 635 2914 Epist.
645 2865 659 2903 Ι.
667 2864 697 2904 ²0.
708 2864 738 2903 20.
