2409 3317
234 378 286 431 iso
557 374 712 429 Housun
798 398 801 403 ¹

231 476 330 531 Poculs
341 494 387 531 ssu
397 476 507 532 modicis
518 478 621 531 uvescit
632 477 727 532 lectius
761 477 832 545 Ergo
992 480 1032 534 70

232 548 321 600 Sermo
333 548 423 614 oritur,
434 564 488 601 non
500 547 533 600 (le
544 547 616 601 villis
627 546 780 599 domibusve
791 546 892 613 elienis,

231 616 287 669 Nec
297 615 367 668 mule
377 633 461 669 necne
472 617 556 685 Isepos
567 616 661 679 snltet3
679 615 724 668 sed
736 616 806 684 quod
817 616 902 684 megis
914 616 948 669 ed
961 633 1014 669 nos

232 685 351 737 Pertinet
363 691 391 738 et
401 685 501 739 nescire
511 685 613 738 indum
624 690 671 751 est,
683 684 829 752 agitemus:
848 693 975 739 utrumne

232 754 340 807 Divitiis
352 753 478 821 homines,
489 771 525 807 uu
536 754 590 807 sint
601 754 702 807 virtute
714 754 798 817 besti;

234 824 336 887 Quidve
347 823 382 875 ed
394 823 532 889 amicitias,
544 840 607 875 usus
618 828 761 890 rectumne,
773 821 864 875 trehet
875 839 938 889 nos;

233 893 269 946 Ist
280 908 340 961 quse
353 892 388 944 sit
399 898 497 945 nature
507 891 569 944 boni
580 907 764 959 summumque
776 892 841 961 quid
852 894 916 961 ejus,

234 962 341 1014 Cervius
353 961 409 1013 lsaec
421 962 491 1015 inter
502 960 605 1015 vicinus
616 961 700 1029 garrit
711 961 794 1013 uniles

234 1031 276 1083 Ex
287 1048 316 1083 re
327 1030 444 1084 fsbellns
479 1029 508 1083 si
519 1030 578 1097 quis
588 1046 652 1082 nem
663 1029 757 1083 lsudst
767 1028 852 1083 Arelli

234 1100 365 1152 Sollicitos
377 1100 486 1167 ignum
497 1115 566 1167 opes,
577 1098 615 1151 sic
626 1098 735 1167 incipit:
751 1099 767 1127 ‘⁴
775 1098 846 1151 Olim

236 1158 361 1221 Rusticus
372 1167 503 1221 urbanum
513 1184 617 1219 murem
628 1184 687 1219 mus
699 1183 814 1237 peupene
825 1167 910 1221 fertur
993 1171 1034 1221 80

235 1237 373 1306 Accepisse
385 1253 456 1304 cavo,
469 1240 583 1288 veterem
595 1242 672 1290 vetus
683 1236 776 1305 hospes
788 1237 920 1302 amicum

236 1309 257 1358 A
305 1325 319 1359 r
331 1312 358 1359 et
369 1311 488 1359 attentus
500 1304 583 1371 qusesi
597 1304 603 1316 '
637 1312 670 1359 ut
682 1312 771 1358 tomen
784 1311 888 1358 erctum

236 1324 353 1429 Sonlieeret
364 1374 485 1444 hospitiis
495 1373 623 1427 mimum.
659 1373 730 1435 Quid
743 1374 845 1429 multsl
863 1390 949 1443 neque
961 1373 1009 1427 ille

237 1445 350 1515 Sepositi
361 1444 452 1497 ciceris
462 1460 512 1496 nec
523 1442 609 1510 longoe
620 1442 718 1496 invidit
730 1459 828 1510 evenus,

237 1514 348 1568 Aridum
360 1520 388 1567 et
399 1530 442 1566 ore
453 1514 540 1566 ferens
551 1512 658 1565 acinum
670 1528 820 1581 semesaque
831 1512 901 1567 lerdi

237 1583 333 1636 Frusts
345 1582 426 1649 dedit,
438 1582 548 1663 cupiens
559 1581 633 1634 veris
644 1580 752 1634 fastidis
764 1598 838 1635 coenu

237 1651 348 1706 Vincere
360 1658 495 1720 tangentis
506 1649 575 1702 male
587 1649 693 1717 singule
704 1650 784 1703 (lente
796 1648 921 1732 superbo;

238 1722 325 1783 Quum
337 1727 413 1789 peter
424 1720 479 1800 ipse
490 1719 583 1772 domus
594 1719 672 1787 pules
682 1725 816 1788 porrectus
826 1737 856 1772 sn
867 1719 950 1773 horne

237 1789 313 1841 Esset
324 1789 388 1841 sdor
399 1787 550 1855 lohumque,
562 1788 638 1855 (lepis
649 1788 758 1842 meliore
768 1788 924 1857 relinquens
995 1792 1033 1843 89

238 1855 355 1908 'landem
372 1853 490 1910 urbunus
505 1854 540 1908 ud
561 1854 651 1906 hunc:
672 1854 758 1919 ‘Quid
777 1861 805 1911 te
819 1854 914 1925 juvet,’
933 1854 1033 1924 inquit,

238 1923 366 1991 Prterupti
380 1921 493 1974 nemoris
539 1922 650 1975 tientem
662 1924 750 1976 vivere
762 1923 858 1977 dorsol
911 1912 1037 2007 [umioep

239 1991 287 2044 Vis
299 1997 330 2044 tu
342 1990 460 2043 homines
472 2008 504 2043 ur
563 2009 615 2059 que
627 1992 690 2045 feris
701 2010 851 2063 preponere
864 1993 953 2047 silvss'l

240 2061 323 2131 Oerpe
334 2061 412 2128 vium,
423 2060 491 2113 mihi
502 2060 586 2127 crede,
597 2077 698 2125 comes;
716 2063 849 2117 terrestris
861 2062 966 2131 quondo

239 2129 364 2184 Mortsles
375 2130 478 2184 enimes
489 2130 584 2183 vivunt
596 2130 689 2183 sortite
700 2147 786 2199 neque
797 2132 853 2185 ulls
864 2139 904 2186 est

239 2201 295 2253 Aut
307 2217 404 2268 megno
415 2205 464 2253 eut
541 2216 556 2251 o
568 2199 616 2251 leti
627 2199 707 2267 fuge:
726 2216 786 2267 quo,
797 2200 871 2269 bone,
884 2200 960 2268 circe,

238 2269 311 2322 Dum
322 2270 392 2334 licet,
404 2270 434 2322 in
445 2287 474 2322 re
491 2286 523 2322 us
531 2268 658 2334 jucundis
670 2267 730 2321 vive
741 2268 850 2334 beotus;

239 2338 306 2391 Vive
317 2356 425 2404 memor,
437 2356 517 2406 quem
530 2338 565 2390 sis
577 2338 627 2390 sevi
639 2338 742 2389 brevis'
779 2339 844 2389 Haec
855 2337 902 2390 ubi
914 2336 987 2391 <lictu

240 2405 378 2472 Agrestem
389 2405 521 2473 pepulere,
533 2404 610 2457 domo
622 2404 687 2457 levis
699 2405 803 2470 exsilit;
821 2406 884 2460 inde

239 2472 324 2525 Ambo
336 2473 498 2541 propositum
610 2478 642 2525 nt
654 2474 711 2540 iter,
724 2474 795 2527 urbis
807 2482 915 2529 aventes

240 2541 340 2594 Moenis
351 2540 475 2592 nocturni
486 2558 516 2592 su
534 2558 631 2609 repere.
666 2542 782 2612 Jamque
794 2544 901 2597 tenebut
980 2549 1034 2600 100

240 2608 300 2661 Nox
311 2609 429 2660 medium
441 2607 500 2661 coeli
512 2610 644 2677 spatium
662 2627 744 2678 quum
790 2614 831 2665 nit
842 2620 955 2681 uterque

241 2677 274 2727 In
286 2676 418 2744 locuplete
429 2676 506 2728 domo
518 2677 637 2796 vestigia„
648 2677 728 2731 rubro
739 2697 759 2731 u
775 2681 786 2732 i
798 2698 874 2735 cocco

240 2744 337 2798 'l'incts
347 2762 426 2813 super
437 2744 518 2797 lectos
529 2760 580 2797 cun
598 2751 654 2798 eret
666 2747 745 2799 vestis
757 2748 875 2818 eburnos,

241 2810 380 2881 Multsque
392 2812 425 2865 de
435 2829 533 2881 magns
544 2820 709 2894 superessent
720 2816 820 2870 fercula
831 2836 913 2885 coens,

243 2879 307 2945 Quae
319 2881 412 2950 procul
423 2880 565 2937 emmelis
575 2888 681 2937 merent
692 2881 814 2939 hesternis
826 2887 954 2943 canistris
1030 2938 1033 2943 .
