2409 3317
248 368 299 417 228
561 362 715 415 IIORATH

246 458 325 511 Forte
337 457 386 511 sub
397 458 447 511 hoc
459 464 563 527 tempus
575 459 713 511 casteilum
726 461 840 509 evertere
852 459 947 522 praetor

245 526 339 579 Nescio
351 527 420 596 quod
431 527 539 595 cupiens
551 527 652 580 hortari
664 526 744 594 coepit
755 524 866 577 cundem

247 594 347 662 Verbis,
359 612 418 663 quae
430 596 523 648 timido
535 612 640 664 quoqne
651 599 756 663 possent
767 593 862 646 addere
874 596 1005 643 mentem:

246 661 260 686 “
274 660 295 726 1,
306 660 381 725 bone,
393 677 446 727 quo
458 660 542 713 virtus
554 666 604 713 tua
617 664 644 712 te
656 664 741 725 vocat,
754 658 765 711 i
776 656 843 727 pede
855 658 953 725 fausto,

246 728 363 781 Grandia
374 728 479 781 laturus
490 729 646 781 meritorum
659 727 776 797 praemia.
813 726 884 790 Quid
897 731 951 780 stas
962 724 991 780 i'’

245 797 309 849 Post
322 797 379 850 haec
390 796 436 851 ills
451 803 527 851 catus
539 797 713 866 quantumvis
725 795 849 861 rusticus,
861 796 876 823 “
886 794 949 862 Ibit,

246 865 301 919 Ibit
313 884 350 933 eo,
363 884 415 935 quo
427 867 474 934 vis,
487 866 534 935 qui
546 883 642 926 nonam
653 864 794 935 perdidit,”
806 863 903 933 inquit.
1008 868 1047 923 40

245 934 334 987 Roma
345 935 442 988 nutriri
453 935 520 988 mibi
532 936 645 1003 contigit
656 940 736 1003 atque
748 933 843 1002 doceri,

244 1003 332 1057 Iratus
344 1004 429 1057 Graiis
441 1011 570 1074 quantum
581 1004 713 1058 nocuisset
725 1002 848 1056 Achilles.

243 1072 369 1126 Ad‘scere
380 1071 455 1126 bonas
466 1074 556 1142 paullo
567 1073 628 1142 plus
640 1073 704 1125 artis
716 1072 844 1135 Athenae;

243 1091 349 1194 Soibcet
361 1146 391 1195 ut
403 1141 498 1195 vellem
509 1159 589 1195 curvo
600 1142 752 1209 dignoscere
762 1146 866 1193 rectum

242 1211 330 1278 Atque
341 1210 411 1264 inter
423 1210 501 1263 silvas
513 1210 639 1264 Academi
651 1226 766 1278 quaerere
778 1227 876 1263 verum.

241 1278 317 1332 Dura
328 1279 374 1332 sed
385 1297 503 1333 emovere
514 1279 570 1333 loco
581 1297 624 1332 me
635 1285 754 1347 tempora
764 1284 848 1347 grato,

243 1348 385 1417 Oivnisque
396 1349 489 1401 rudem
500 1347 563 1401 bclli
575 1348 640 1401 tulit
651 1354 730 1401 aestus
742 1348 771 1400 in
782 1364 855 1400 arma

243 1417 350 1470 Oaesaris
363 1418 478 1486 Augusti
489 1435 543 1470 non
554 1435 710 1486 responsura
721 1416 832 1471 lacertis.

243 1486 320 1539 Unde
332 1487 353 1539 s'
381 1488 411 1540 ul
440 1487 537 1539 rimum
548 1504 591 1539 me
602 1486 723 1539 dimisere
735 1485 860 1556 Philippi,

242 1554 374 1609 Decisish
440 1574 482 1610 em
493 1555 587 1625 pennis
598 1556 756 1637 inopemque
766 1555 870 1623 paterni

243 1623 279 1677 Et
290 1624 352 1678 laris
364 1630 392 1678 ct
402 1625 480 1678 fundi
492 1630 634 1694 paupertas
646 1624 753 1693 impulit
765 1623 861 1691 audax,
1008 1645 1009 1649 ¹

243 1693 281 1746 Ut
292 1706 382 1748 versus
393 1694 506 1748 facerem
513 1714 521 1759 ;
539 1694 592 1761 sed,
605 1693 674 1762 quod
686 1710 739 1746 non
751 1693 825 1760 desit,
838 1693 980 1745 habentem

243 1763 309 1827 Qure
321 1769 445 1831 poterunt
456 1780 574 1832 unquam
585 1763 650 1815 satis
662 1779 809 1831 expingere
820 1762 921 1829 cicutae,

242 1831 278 1883 Ni
290 1832 384 1884 melius
395 1831 508 1884 dormire
519 1838 612 1900 putem
642 1848 705 1883 uam
717 1830 828 1885 scribere
839 1829 945 1884 versus?

242 1898 353 1966 Singula
364 1900 397 1951 de
408 1900 483 1952 nobis
495 1900 559 1953 anni
571 1848 724 1968 predantur
736 1905 842 1964 euntes;

242 1968 369 2037 Eripucre
377 1970 458 2036 jocos,
470 1969 606 2035 Venerem,
620 1969 747 2037 convivia,
759 1969 867 2032 ludum;

242 2036 366 2090 Tendunt
377 2043 531 2107 extorquere
542 2040 680 2106 poe'matm
698 2038 761 2105 quid
774 2038 870 2091 faciam
882 2036 939 2090 vis?

242 2105 361 2175 Denique
372 2124 426 2160 non
437 2124 526 2161 omnes
537 2107 629 2159 eadem
640 2106 771 2159 mirantur
782 2112 938 2175 amantque:

242 2175 363 2229 Carmine
374 2182 406 2229 tu
417 2176 523 2244 gaudes,
535 2176 579 2229 hic
591 2175 738 2229 delectatur
749 2175 852 2243 iambis,
1120 2186 1121 2245 t

242 2244 292 2298 Ille
303 2246 409 2298 Bioneis
421 2245 580 2298 sermonibus
592 2250 619 2298 et
631 2244 684 2297 sale
696 2244 778 2311 nigro.
998 2247 1031 2296 60
1120 2246 1121 2259 ’

241 2312 304 2366 Tres
315 2313 382 2367 mihi
393 2314 509 2367 convive
539 2331 601 2383 ropc
613 2314 750 2365 dissentire
762 2313 893 2378 videntur,

241 2380 381 2435 Poscentes
393 2382 465 2436 vario
476 2332 591 2435 nubtum
603 2382 706 2436 diversa
714 2382 812 2463 pelato.

243 2448 313 2513 Quid
322 2450 399 2503 demi
416 2451 481 2519 quid
491 2468 544 2505 non
553 2450 631 2504 demi
647 2468 735 2504 renurs
744 2456 782 2518 tu,
790 2450 860 2519 quod
864 2450 943 2517 jubet
950 2450 1016 2504 alter
1022 2470 1029 2515 ;
1119 2504 1120 2507 ,

242 2517 318 2581 Quod
330 2520 406 2588 petis,
418 2519 446 2572 id
458 2531 520 2572 sane
532 2524 572 2572 est
584 2519 700 2573 invisum
712 2520 869 2587 acidumque
881 2518 989 2573 duobus.

241 2584 342 2640 Preter
353 2594 447 2656 cetera,
459 2606 502 2640 me
515 2588 638 2641 Romeene
649 2590 772 2657 po'ematn
784 2605 872 2641 censes

240 2654 359 2709 Scribere
370 2674 444 2727 posse
455 2657 525 2709 inter
537 2662 578 2709 tot
589 2674 665 2709 curas
677 2662 769 2725 totque
780 2656 899 2710 labores?

243 2724 298 2777 Hic
310 2742 322 2776 s
356 2744 434 2779 nsum
446 2732 529 2793 vocat,
541 2726 585 2778 hic
596 2726 718 2779 auditum
730 2726 781 2779 scri
799 2732 828 2779 ta
839 2725 938 2778 relictis

243 2792 321 2846 Omni
339 2812 371 2847 us
383 2796 488 2857 officiis3
506 2793 586 2847 cubat
597 2794 642 2846 hic
654 2794 682 2845 in
695 2793 760 2846 colle
773 2744 884 2861 (guirini,
1118 2794 1119 2823 ¹

242 2861 295 2914 Hic
307 2869 424 2917 extremo
435 2865 464 2916 in
476 2862 615 2929 Aventino,
629 2862 750 2915 visendus
762 2869 889 2931 uterqnc;
1116 2876 1118 2933 4
