2409 3317
219 330 272 409 136=
484 376 487 379 ·
542 352 697 410 Housuu

216 459 320 514 Dividit
330 466 362 512 ut
373 458 442 512 bona
453 458 568 523 diversis,
580 456 708 525 fugienda
718 456 854 525 petendis;

215 528 242 582 N
242 546 272 582 oo
283 530 371 583 vincet
382 528 450 581 ratio
462 527 517 590 hoe,
530 527 688 579 tantundem
699 533 731 577 ut
742 533 833 593 peccet
844 524 969 593 idemque

217 598 269 661 Qui
281 604 382 650 teneros
394 596 481 649 caules
493 595 572 649 alieni
583 595 692 662 fregerit
702 594 780 661 horti,

216 665 252 719 Et
264 666 311 733 qui
323 672 466 719 nocturnus
479 680 551 717 soora
563 664 662 715 Divum
673 663 773 731 legerit
793 685 800 695 ·
810 662 886 715 Adsit

217 734 326 803 Regula,
339 734 453 803 peccetis
465 744 527 803 quae'
536 749 626 801 poenes
637 733 734 799 irroget
747 748 842 800 seques,

216 802 258 857 Ne
270 804 369 863 scutica
381 802 492 871 dignum
504 801 623 854 horribili
635 807 732 853 sectere
744 800 856 868 flagello.

216 871 243 925 N
243 877 294 938 am,
306 878 338 925 ut
349 872 434 925 ferula
446 870 530 924 oaedas
543 870 665 922 meritum
677 872 775 937 majora
787 868 873 920 subire
957 872 1012 919 120

218 940 339 1008 Verbera,
352 958 405 993 non
417 956 512 1005 vereor,
525 955 608 1007 quum
619 938 691 990 dieas
703 955 757 990 esse
769 955 843 1006 pares
854 954 895 989 res

218 1009 301 1063 Furta
312 1010 456 1073 latrociniis
468 1016 495 1061 et
506 1008 610 1075 magnis
622 1024 703 1076 parva
713 1008 820 1058 mineris

218 1079 296 1135 Falce
308 1079 452 1131 recisurum
464 1076 543 1131 simili
555 1082 589 1141 te,
601 1076 624 1127 si
636 1076 686 1127 tibi
698 1091 810 1143 regnum

217 1146 379 1200 Permittant
391 1146 515 1198 homines.
551 1144 579 1196 si
591 1145 671 1211 dives,
683 1145 729 1213 qui
741 1144 844 1213 sapiens
856 1148 903 1210 est,

218 1216 254 1268 Et
266 1221 339 1267 sutor
349 1215 433 1267 boum
445 1220 472 1267 et
484 1214 553 1266 solus
564 1214 691 1265 formosus
703 1219 731 1266 et
742 1219 782 1265 est
792 1229 840 1265 rex
847 1231 862 1275 ;-

220 1280 271 1333 Our
280 1289 354 1349 optas
364 1283 434 1349 quod
443 1282 542 1334 habesl
561 1284 575 1307 “
583 1282 607 1332 N
609 1299 642 1333 on
654 1283 800 1350 nosti,quid
809 1282 1012 1349 pater‚’'inquit,

219 1349 403 1419 “Chrysippus
416 1351 501 1403 dicat:
521 1350 629 1417 Sapiens
641 1352 759 1417 crepidas
771 1350 820 1401 sibi
832 1367 968 1417 nunquam

219 1416 274 1471 Nec
287 1418 368 1471 soleas
380 1420 450 1483 iecit,
464 1425 536 1471 sutor
547 1427 637 1471 tamen
648 1426 689 1471 est
701 1420 826 1487 sopiens.'‘
862 1418 916 1478 Qui
928 1419 938 1469 'l

219 1487 234 1515 “
242 1486 286 1551 Ut,
299 1489 419 1557 quamvis
431 1493 501 1540 tanet
514 1488 699 1554 Hermogenes,
711 1494 802 1554 suntor
814 1492 903 1538 tamen
915 1492 998 1553 atque

219 1552 240 1604 0
260 1554 340 1606 timus
352 1561 391 1605 est
403 1553 565 1615 modulet0r;
583 1560 613 1605 ut
626 1553 735 1605 Alienus
747 1553 827 1620 vafer,
839 1553 911 1606 omni
956 1557 1009 1606 130

218 1571 327 1689 dijecto
339 1622 514 1674 instrumento
526 1622 590 1674 artis
603 1620 742 1690 clausaque
754 1620 871 1689 taberna,

218 1688 297 1743 Sutor
309 1695 373 1753 erat,
386 1690 488 1758 sapiens
500 1690 583 1758 operis
595 1690 633 1741 sio
645 1691 759 1759 optimus
770 1691 855 1743 omnis

217 1755 266 1807 Est
278 1757 366 1828 opifex
379 1758 456 1822 solus,
470 1757 506 1809 sio
517 1757 587 1809 rex.'’
625 1760 735 1813 Vellunt
747 1760 798 1813 tibi
809 1760 916 1813 barbam

217 1820 320 1875 Iasoivi
332 1823 421 1889 pueri;
440 1840 504 1890 quos
515 1828 547 1874 tu
559 1824 610 1875 nisi
622 1824 692 1877 fuste
704 1828 813 1891 coerces,
1009 1837 1012 1840 ’

217 1888 324 1957 Urgeris
336 1890 415 1943 turba
426 1891 525 1942 circum
537 1898 564 1944 te
577 1898 663 1945 stante
675 1894 805 1963 miserque

217 1956 358 2027 Rumperis
369 1965 397 2011 et
408 1959 496 2025 latras,
508 1978 664 2029 magnorum
675 1964 790 2016 maxime
801 1981 901 2031 regum.

216 2025 257 2079 Ne
269 2027 378 2095 longum
389 2028 498 2082 faeiem:
517 2030 580 2082 dum
592 2036 624 2081 tu
636 2032 782 2099 quadrante
793 2032 913 2086 lavatum

217 2095 275 2149 Rex
286 2096 343 2164 ibis,
355 2115 441 2167 neque
452 2103 480 2151 te
492 2100 630 2168 quisquam
642 2102 754 2169 stipator
765 2102 886 2169 ineptum

217 2163 317 2218 Praeter
328 2166 476 2235 Crispinum
489 2168 639 2235 sectabitur,
651 2177 679 2222 et
689 2169 756 2221 mihi
768 2170 857 2223 dulces

217 2233 364 2302 Ignosceut,
377 2236 399 2289 si
428 2236 475 2289 uid
487 2254 595 2305 peccaro
608 2238 712 2302 stultus,
724 2239 818 2302 amiei3
956 2242 1007 2291 140

217 2302 302 2371 Inque
313 2305 398 2357 ricem
410 2306 419 2357 i
441 2323 516 2359 orum
527 2307 615 2375 patiar
627 2307 723 2359 delicta
735 2308 854 2374 libenter,

217 2370 394 2442 Privatusque
405 2374 489 2442 magis
501 2376 589 2428 viram
601 2382 629 2428 te
640 2394 701 2445 rege
711 2376 813 2429 beatus.

511 2548 640 2603 usurus
657 2550 704 2604 ιι.
805 2515 806 2518 ¹

217 2641 339 2697 Euromo
346 2650 432 2727 'atque
444 2646 566 2700 Cratinus
578 2651 816 2732 Aristophanesque
827 2655 921 2724 poeta,

217 2710 306 2791 Atque
317 2714 363 2765 alu
376 2732 486 2783 quorum
498 2718 624 2771 comeda
635 2736 721 2787 prrsoa
732 2722 846 2774 virorum
859 2729 906 2789 est,

218 2778 246 2831 ss
258 2782 317 2847 quis
329 2789 385 2835 erat
398 2784 493 2851 dignus
504 2784 624 2854 describi,
636 2788 803 2858 quodmalus
814 2807 846 2842 ao
856 2790 909 2859 fur,

216 2854 293 2917 Quod
304 2856 422 2911 moechus
433 2860 507 2925 foret,
520 2867 567 2913 aut
580 2862 696 2929 sicarius,
709 2870 757 2916 aut
768 2865 867 2932 alioqui
914 2884 925 2889 ⁰
957 2885 974 2890 ”
