2409 3317
217 363 269 417 220
535 351 688 408 norrun

214 462 258 517 Sic
268 462 358 517 fautor
368 468 495 531 veterum,
507 468 540 516 ιιι
552 462 657 517 tabulae
669 479 776 531 ροοοιιι
788 469 916 530 retentes,

216 531 286 597 Quae
297 531 338 585 bie
350 533 530 602 quinqueviri
542 537 695 599 sanxerunt,
707 532 806 584 foedera
817 548 911 601 regum

215 601 266 654 Vel
278 601 368 655 Gabiis
379 602 422 654 vel
433 618 495 654 eum
507 600 599 668 rigidis
611 606 715 669 aequata
728 600 839 667 Sabinis,

216 668 375 723 Pontificum
386 669 473 735 libros,
484 686 584 723 aunoea
594 669 731 723 volumina
742 674 835 722 vatum

215 738 329 792 Dietitet
340 738 443 792 Albano
455 738 546 791 Mures
557 739 586 790 in
597 744 687 791 moute
698 737 830 806 loquutus.

216 806 252 874 Si,
264 808 328 876 quia
339 808 488 860 Gmeerum
500 812 563 860 eunt
574 808 758 875 antiquissima
770 823 879 877 quoeque

216 876 373 947 Seripterel
385 876 492 945 optima,
505 876 618 929 Romani
629 882 774 945 pensantur
784 877 876 930 eadem

216 945 360 1026 Scriptores
371 946 480 1012 trutina,
491 962 545 998 nou
557 950 597 999 eet
610 945 679 1013 qued
690 945 777 999 multa
787 944 938 1016 loquamur:
975 950 1011 999 30

216 1014 263 1066 Nil
275 1022 346 1067 rutra
357 1020 398 1067 eet
408 1014 500 1082 oleam,
511 1014 551 1067 uil
563 1020 640 1067 extra
651 1018 692 1067 est
705 1014 734 1065 in
746 1031 815 1068 nuee
827 1014 901 1080 duri;

218 1083 346 1136 Venimus
357 1084 391 1137 ad
404 1100 536 1137 summum
547 1084 669 1150 fertuuae,
700 1084 815 1151 ingimue
827 1090 906 1153 etque

218 1151 359 1204 Peullimus
370 1157 398 1205 et
408 1152 542 1206 luctamur
553 1152 661 1205 Achivis
691 1151 786 1205 οσιὶιιιΙ
798 1154 894 1207 uuetie.

217 1220 246 1273 Si
257 1219 366 1273 meliora
376 1221 440 1288 dies,
451 1226 484 1274 ut
495 1221 565 1288 vinu,
577 1223 702 1290 poemate
712 1222 808 1290 reddit,

218 1289 290 1342 Scire
301 1289 389 1357 velim,
401 1290 500 1343 churtie
510 1290 627 1359 pretium
640 1295 735 1359 quotus
747 1296 851 1361 arroget
862 1308 955 1345 eunus.

219 1358 275 1411 Seri
294 1363 336 1411 ιοι·
346 1358 444 1413 abhinc
455 1376 538 1412 annes
549 1364 657 1413 eentum
668 1360 715 1427 qui
726 1359 832 1427 decidit,
845 1361 915 1414 inter

219 1376 352 1481 Perdeetee
363 1434 515 1497 veteresque
525 1428 618 1481 referri
630 1428 715 1495 debet,
727 1445 763 1481 an
774 1430 844 1483 iuter

220 1496 292 1550 Vilee
304 1502 384 1567 utque
395 1496 493 1551 novari
511 1496 646 1551 llxeludat
654 1497 745 1566 jurgia
756 1497 824 1551 fiuie.
837 1524 874 1535 -·
1121 1510 1122 1565 l

219 1564 268 1618 liet
280 1571 356 1619 vetur
368 1572 449 1636 atque
460 1566 564 1648 probus,
576 1570 685 1619 eentum
696 1566 742 1635 qui
753 1566 856 1635 perficit
867 1584 958 1621 moe.
966 1592 1000 1602 -

220 1634 298 1701 Quid,
311 1634 358 1703 qui
371 1636 483 1705 deperiit
494 1636 580 1694 minor
591 1652 644 1689 uno
655 1652 744 1688 mense
756 1635 799 1689 rel
811 1653 887 1703 enno,
977 1638 1011 1687 40

221 1702 296 1757 Inter
307 1721 372 1772 quoe
383 1705 535 1759 referendus
548 1703 616 1758 eriti
634 1710 768 1758 veteresne
780 1706 880 1774 podiae,

220 1772 264 1824 An
276 1789 340 1840 quoe
351 1780 379 1826 et
390 1791 503 1843 praeenu
515 1780 543 1826 et
554 1779 659 1841 postera
669 1778 777 1843 respuet
788 1773 869 1828 eust
879 1799 915 1809 -

222 1841 277 1893 Iste
288 1840 396 1910 quidem
408 1847 507 1895 veteres
518 1842 589 1893 inter
599 1848 713 1911 ponetur
723 1842 839 1905 honeste,

222 1909 274 1973 Qui
286 1908 328 1962 vel
340 1926 429 1963 mense
440 1909 514 1963 brevi
525 1910 568 1963 vel
579 1916 636 1964 tote
649 1918 688 1964 eet
696 1910 787 1981 junior
798 1928 875 1966 auno.
885 1938 923 1953 -

222 1978 289 2032 Uter
300 1977 425 2047 permisso
436 1977 580 2047 eaudaeque
591 1978 659 2050 pilos
670 1986 703 2034 ut
714 1980 817 2049 equinae

222 2047 367 2101 Paullatim
378 2048 447 2101 vello
458 2054 486 2101 et
497 2048 573 2101 demo
584 2066 677 2115 unum,
689 2048 766 2102 demo
777 2049 893 2103 iterum¹¹
905 2066 996 2114 unum,

222 2116 294 2169 Dum
306 2117 386 2170 eadat
396 2118 485 2171 elusus
496 2117 598 2171 ratione
610 2118 712 2171 ruentis
725 2118 819 2185 acervi,

224 2187 276 2250 Qui
287 2187 357 2239 redit
368 2188 397 2239 in
408 2188 490 2241 fartos
503 2193 531 2241 et
541 2187 670 2241 virtutem
682 2186 797 2242 aeetimat
808 2188 886 2241 annis

223 2255 390 2325 Miraturque
401 2256 477 2324 nihil,
489 2257 541 2310 uisi
552 2257 623 2325 quod
636 2256 754 2309 Libitina
766 2257 887 2311 euomuit.

223 2323 326 2377 Ennius
339 2330 366 2378 et
378 2326 481 2395 sapiens
493 2332 521 2379 et
531 2326 607 2379 fortis
620 2330 647 2379 et
658 2325 726 2379 alter
738 2326 878 2392 Homerus,
983 2327 1017 2377 60

224 2391 263 2444 Ut
274 2393 359 2445 critici
372 2394 473 2462 dicunt,
484 2394 580 2449 leviter
591 2412 684 2449 curare
695 2394 810 2462 videtur,

225 2461 283 2526 Quo
292 2462 421 2542 promisee
432 2464 530 2517 eadunt
541 2470 569 2517 et
581 2463 683 2518 aemuia
694 2463 867 2532 Pythagorea.

224 2530 332 2594 Navius
343 2530 373 2583 in
384 2531 506 2584 munibue
517 2549 573 2585 nou
584 2537 624 2585 eet
636 2538 663 2585 et
674 2533 808 2585 mentibus
819 2532 903 2585 haeret

225 2599 305 2653 Paeue
319 2598 424 2653 recensi
442 2599 515 2652 Adeo
527 2606 649 2653 sanctum
660 2607 700 2654 eet
712 2607 788 2655 vetus
799 2618 876 2655 omne
888 2602 989 2669 podma.

226 2668 379 2736 Ambigitur
390 2667 511 2737 quotiens
521 2674 583 2721 uter
593 2674 654 2722 utro
666 2670 701 2722 sit
713 2670 790 2739 prior,
804 2671 892 2725 aufert

226 2736 357 2789 Pacuvius
368 2736 440 2791 docti
451 2736 551 2790 famam
562 2737 639 2803 senis,
651 2736 748 2791 Accius
760 2739 818 2806 alti,

228 2802 332 2857 Dicitur
343 2804 439 2858 Afrani
452 2810 515 2874 toga
526 2806 676 2859 eoureuisse
688 2806 842 2873 Menandro,

808 2891 818 2919 ¹
831 2899 852 2933 et
860 2895 911 2934 item
