2409 3317
392 379 650 435 EPISTOLARUM
669 381 692 435 1.
711 382 788 439 7-9.
935 387 984 435 201

249 569 425 639 EPISTOLA
442 573 597 628 VIII.-so
613 588 719 628 consus
732 587 947 629 unsrrovsrur.

207 673 294 727 Curso
305 675 420 743 gaudere
431 679 459 729 et
470 674 537 728 bene
548 693 605 728 rem
617 692 706 744 gerere
718 675 883 730 Albinovano

205 742 285 795 Musa
295 750 387 811 rogate
397 744 472 812 refer,
485 745 576 797 eomlti
588 744 732 813 scribesque
744 744 862 797 Neronis.

205 811 234 864 si
246 817 353 881 queret,
361 813 426 882 quid
437 830 523 881 sgsm,
534 814 578 866 dic
589 813 675 866 mults
683 820 710 866 et
719 813 833 934 gulchrs
844 813 991 865 minantem

206 879 301 934 Vivere
312 898 361 935 nec
372 888 443 935 recte
454 898 503 933 neo
515 882 647 946 srrsviter3
664 882 719 935 hau
749 883 812 951 quis
823 882 923 950 grando

205 948 361 1002 Contuderit
372 951 440 1003 vites
451 950 587 1018 oleamque
598 951 767 1003 momorderit
778 958 866 1019 sertim,

205 1017 260 1070 Neo
273 1019 336 1087 quie
347 1019 499 1087 longinquis
511 1024 661 1072 armentum
673 1026 781 1087 aegrotet
793 1020 822 1071 in
833 1020 918 1087 cgris;

204 1086 256 1140 Sed
268 1088 331 1157 quis
341 1093 430 1141 mente
442 1086 529 1140 minus
541 1088 645 1142 validus
656 1105 737 1157 quom
747 1105 853 1157 corpore
864 1094 921 1142 toto

204 1155 250 1207 Nil
262 1156 354 1209 audire
366 1157 454 1221 velim,
466 1157 506 1210 nil
517 1157 623 1225 discere,
636 1157 706 1226 quod
718 1156 787 1211 levet
799 1174 900 1227 oegrum
907 1177 914 1222 ;
942 1204 945 1211 .

204 1224 278 1278 Fidis
290 1226 407 1280 offendor
418 1226 535 1295 medicis,
546 1227 644 1279 irascar
655 1227 753 1291 smicis,

205 1294 311 1347 Currus
323 1295 428 1349 iumento
441 1301 581 1365 properent
592 1313 679 1349 arcere
693 1301 813 1361 veterum
959 1296 992 1347 10

204 1362 269 1427 Quae
281 1380 392 1417 nocuere
404 1382 505 1432 sequier,
515 1365 619 1432 fugiam
649 1381 689 1416 uss
701 1366 804 1433 profore
815 1364 937 1429 credam

205 1430 295 1484 Bomos
306 1431 389 1484 Tibur
399 1449 486 1484 amem
497 1439 628 1499 ventosus,
662 1432 736 1485 ibure
749 1432 866 1486 Romm.

204 1497 268 1552 Post
280 1500 344 1568 huc,
355 1505 387 1554 ut
399 1499 494 1568 voleat,
506 1517 558 1569 quo
569 1504 648 1569 pecto
659 1518 715 1552 rem
726 1504 801 1568 gerat
812 1507 840 1553 et
851 1518 887 1568 ss,

204 1568 242 1621 Ut
272 1568 358 1621 lscest
371 1568 459 1623 ‘uveni
470 1577 625 1638 percontere
636 1573 717 1636 utque
729 1567 837 1621 cohorti.

205 1637 233 1691 si
264 1637 323 1701 icet,
337 1637 352 1665 ‘⁸
401 1638 467 1701 ete,”
498 1637 595 1690 timum
606 1638 728 1703 gaudere,
741 1632 852 1687 subinde

204 1706 370 1774 P1aeceptum
382 1705 456 1757 surio
518 1703 568 1756 hoc
580 1701 709 1755 instillare
720 1707 866 1756 memento:

124 1808 127 1811 >
204 1775 241 1828 Ut
253 1781 285 1828 tu
296 1776 437 1843 fortunam,
449 1772 486 1826 sic
497 1789 545 1826 nos
556 1778 592 1841 te,
604 1770 684 1838 Celso,
695 1770 816 1825 feremus.

279 1954 456 2010 EPISTOLA
474 1953 598 2008 lit-so
611 1964 757 2005 ιιιιιιιωιι
769 1965 914 2005 runem.

202 2056 365 2124 Serninus,
377 2056 479 2123 claudi,
490 2055 617 2109 nimirum
629 2053 757 2122 intelligit
770 2069 846 2119 unus,

204 2126 304 2189 Quanti
316 2142 357 2177 me
370 2125 451 2177 incise
458 2143 466 2188 ;
483 2142 547 2177 nem
559 2140 643 2192 quum
653 2129 730 2191 roget
742 2126 769 2173 et
781 2136 857 2189 prece
869 2118 947 2187 cogit,

203 2193 310 2246 Scilicet
321 2198 354 2245 ut
365 2193 415 2245 tibi
427 2209 455 2245 se
462 2191 572 2245 laudere
583 2198 611 2244 et
624 2190 726 2243 tradere
738 2205 824 2255 coner,

203 2261 322 2329 Dignum
333 2267 422 2314 mento
433 2260 561 2329 domoque
573 2258 685 2327 legentis
697 2258 808 2310 honeste
818 2255 937 2321 Neronis,

204 2330 316 2383 Munere
327 2346 411 2399 quum
421 2329 500 2398 iungi
511 2327 639 2398 propioris
651 2333 740 2380 censet
751 2325 837 2393 amici,

204 2399 274 2464 Quid
285 2399 382 2469 possim
394 2397 467 2451 videt
478 2415 510 2451 sc
521 2396 597 2451 novit
608 2412 651 2449 me
662 2394 766 2449 valdius
777 2394 841 2463 ipso.
930 2440 936 2449 .

204 2467 294 2521 Mults
305 2467 413 2537 quidem
424 2466 489 2534 dixi,
501 2484 549 2520 cur
560 2470 701 2519 excusatus
713 2464 827 2529 sbirem3

203 2536 255 2591 Sed
266 2537 353 2605 timui,
364 2554 424 2590 mes
435 2553 469 2589 ns
480 2536 587 2589 finxisse
598 2534 701 2587 minore
712 2538 827 2603 putarer,

203 2605 389 2659 Dissimulstor
398 2606 456 2677 opis
468 2606 587 2675 propriso,
599 2603 666 2656 mihi
678 2601 828 2655 commodus
839 2600 895 2655 uni.

204 2674 247 2728 Sic
259 2691 308 2743 ego
319 2676 425 2743 majoris
436 2675 542 2743 fugiens
552 2673 692 2795 opAErobris
703 2671 788 2742 culpes
873 2736 881 2751 .
956 2671 989 2721 10

204 2744 309 2797 Frontis
320 2743 356 2797 sd
367 2743 473 2797 urbenoe
486 2744 580 2798 descen
599 2743 606 2755 '
620 2741 736 2812 praemis
771 2738 847 2804 Quod
859 2754 883 2791 ιι

203 2812 360 2883 Depositum
370 2811 464 2865 laudes
476 2812 510 2865 ob
520 2812 599 2867 amici
607 2813 682 2879 jusso
693 2808 827 2879 pudorem,

205 2881 293 2938 Scribe
304 2882 347 2936 tui
358 2881 445 2951 gregis
456 2882 528 2937 hunc
540 2887 568 2935 st
578 2880 675 2933 fortem
686 2876 761 2932 crede
773 2875 927 2945 bonumque.
