<?xml version="1.0" encoding="UTF-8"?>
<!DOCTYPE html PUBLIC "-//W3C//DTD XHTML 1.0 Transitional//EN"
    "http://www.w3.org/TR/xhtml1/DTD/xhtml1-transitional.dtd">
<html xmlns="http://www.w3.org/1999/xhtml" xml:lang="en" lang="en">
 <head>
  <title>
</title>
<meta http-equiv="Content-Type" content="text/html;charset=utf-8" />
  <meta name='ocr-system' content='tesseract 3.04.00' />
  <meta name='ocr-capabilities' content='ocr_page ocr_carea ocr_par ocr_line ocrx_word'/>
</head>
<body>
  <div class='ocr_page' id='page_1' title='image "./qhoratiiflaccio04flacgoog_0066.png"; bbox 0 0 2409 3317; ppageno 0'>
   <div class='ocr_carea' id='block_1_1' title="bbox 336 365 983 540">
    <p class='ocr_par' dir='ltr' id='par_1_1' title="bbox 336 365 983 540">
     <span class='ocr_line' id='line_1_1' title="bbox 393 365 983 423; baseline -0.012 0"><span class='ocrx_word' id='word_1_1' title='bbox 393 369 590 423; x_wconf 76' lang='lat' dir='ltr'><strong>CARMINUM</strong></span> <span class='ocrx_word' id='word_1_2' title='bbox 610 367 650 421; x_wconf 92' lang='lat'>11.</span> <span class='ocrx_word' id='word_1_3' title='bbox 670 369 780 421; x_wconf 81' lang='grc'>16-18,</span> <span class='ocrx_word' id='word_1_4' title='bbox 949 365 983 416; x_wconf 85' lang='grc'>47</span> 
     </span>
     <span class='ocr_line' id='line_1_2' title="bbox 336 468 692 540; baseline 0.003 -18"><span class='ocrx_word' id='word_1_5' title='bbox 336 468 442 540; x_wconf 80' lang='lat' dir='ltr'>Eripuit</span> <span class='ocrx_word' id='word_1_6' title='bbox 454 469 619 539; x_wconf 82' lang='lat' dir='ltr'>voluerisque</span> <span class='ocrx_word' id='word_1_7' title='bbox 630 469 692 523; x_wconf 84' lang='lat' dir='ltr'>Feti</span> 
     </span>
    </p>
   </div>
   <div class='ocr_carea' id='block_1_2' title="bbox 265 536 985 1089">
    <p class='ocr_par' dir='ltr' id='par_1_2' title="bbox 265 536 985 1089">
     <span class='ocr_line' id='line_1_3' title="bbox 267 536 822 607; baseline 0 -16"><span class='ocrx_word' id='word_1_8' title='bbox 267 537 391 591; x_wconf 63' lang='lat' dir='ltr'>lemene</span> <span class='ocrx_word' id='word_1_9' title='bbox 403 538 465 605; x_wconf 76' lang='lat' dir='ltr'>elne,</span> <span class='ocrx_word' id='word_1_10' title='bbox 478 555 561 607; x_wconf 91' lang='lat' dir='ltr'>quum</span> <span class='ocrx_word' id='word_1_11' title='bbox 573 538 687 607; x_wconf 90' lang='lat' dir='ltr'>populus</span> <span class='ocrx_word' id='word_1_12' title='bbox 698 536 822 606; x_wconf 79' lang='lat' dir='ltr'>frequens</span> 
     </span>
     <span class='ocr_line' id='line_1_4' title="bbox 266 606 777 676; baseline 0.004 -17"><span class='ocrx_word' id='word_1_13' title='bbox 266 606 367 659; x_wconf 73' lang='lat' dir='ltr'>Iraetum</span> <span class='ocrx_word' id='word_1_14' title='bbox 379 607 491 661; x_wconf 73' lang='lat' dir='ltr'>theatris</span> <span class='ocrx_word' id='word_1_15' title='bbox 503 612 544 660; x_wconf 82' lang='lat' dir='ltr'>ter</span> <span class='ocrx_word' id='word_1_16' title='bbox 555 608 658 676; x_wconf 80' lang='lat' dir='ltr'>crepuit</span> <span class='ocrx_word' id='word_1_17' title='bbox 671 624 777 661; x_wconf 90' lang='lat' dir='ltr'>sonum:</span> 
     </span>
     <span class='ocr_line' id='line_1_5' title="bbox 301 676 703 757; baseline 0.002 -30"><span class='ocrx_word' id='word_1_18' title='bbox 301 676 346 728; x_wconf 90' lang='lat' dir='ltr'>Me</span> <span class='ocrx_word' id='word_1_19' title='bbox 357 681 466 729; x_wconf 80' lang='lat' dir='ltr'>tumens</span> <span class='ocrx_word' id='word_1_20' title='bbox 478 676 586 757; x_wconf 69' lang='lat' dir='ltr'>illapsus</span> <span class='ocrx_word' id='word_1_21' title='bbox 599 676 703 729; x_wconf 89' lang='lat' dir='ltr'>cerebro</span> 
     </span>
     <span class='ocr_line' id='line_1_6' title="bbox 335 743 772 811; baseline 0 -14"><span class='ocrx_word' id='word_1_22' title='bbox 335 743 490 811; x_wconf 83' lang='lat' dir='ltr'>Sustuleret,</span> <span class='ocrx_word' id='word_1_23' title='bbox 502 744 554 797; x_wconf 83' lang='lat' dir='ltr'>nisi</span> <span class='ocrx_word' id='word_1_24' title='bbox 566 744 675 797; x_wconf 76' lang='lat' dir='ltr'>Faunus</span> <span class='ocrx_word' id='word_1_25' title='bbox 687 745 772 798; x_wconf 85' lang='lat' dir='ltr'>ictum</span> 
     </span>
     <span class='ocr_line' id='line_1_7' title="bbox 265 811 709 880; baseline 0.007 -17"><span class='ocrx_word' id='word_1_26' title='bbox 265 811 366 867; x_wconf 76' lang='lat' dir='ltr'>Dextro</span> <span class='ocrx_word' id='word_1_27' title='bbox 377 814 496 880; x_wconf 77' lang='lat' dir='ltr'>levasset,</span> <span class='ocrx_word' id='word_1_28' title='bbox 509 813 709 867; x_wconf 76' lang='lat' dir='ltr'>Mercurialium</span> 
     </span>
     <span class='ocr_line' id='line_1_8' title="bbox 266 880 985 937; baseline 0.003 -4"><span class='ocrx_word' id='word_1_29' title='bbox 266 880 356 935; x_wconf 78' lang='lat' dir='ltr'>Custos</span> <span class='ocrx_word' id='word_1_30' title='bbox 369 883 492 937; x_wconf 83' lang='lat' dir='ltr'>virorum.</span> <span class='ocrx_word' id='word_1_31' title='bbox 528 882 647 936; x_wconf 85' lang='lat' dir='ltr'>Reddere</span> <span class='ocrx_word' id='word_1_32' title='bbox 658 882 780 937; x_wconf 76' lang='lat' dir='ltr'>victimas</span> <span class='ocrx_word' id='word_1_33' title='bbox 950 890 985 937; x_wconf 80' lang='lat'>30</span> 
     </span>
     <span class='ocr_line' id='line_1_9' title="bbox 299 948 733 1005; baseline 0.009 -4"><span class='ocrx_word' id='word_1_34' title='bbox 299 948 393 1005; x_wconf 83' lang='lat' dir='ltr'>AEdem</span> <span class='ocrx_word' id='word_1_35' title='bbox 412 969 445 1004; x_wconf 93' lang='lat' dir='ltr'>ue</span> <span class='ocrx_word' id='word_1_36' title='bbox 457 951 574 1005; x_wconf 83' lang='lat' dir='ltr'>votivum</span> <span class='ocrx_word' id='word_1_37' title='bbox 585 956 733 1005; x_wconf 89' lang='lat' dir='ltr'>memento:</span> 
     </span>
     <span class='ocr_line' id='line_1_10' title="bbox 334 969 778 1089; baseline 0.002 -15"><span class='ocrx_word' id='word_1_38' title='bbox 334 1020 387 1074; x_wconf 82' lang='lat' dir='ltr'>Nos</span> <span class='ocrx_word' id='word_1_39' title='bbox 394 969 528 1074; x_wconf 60' lang='lat' dir='ltr'>humilem</span> <span class='ocrx_word' id='word_1_40' title='bbox 538 1020 663 1073; x_wconf 79' lang='lat' dir='ltr'>feriemus</span> <span class='ocrx_word' id='word_1_41' title='bbox 674 1037 778 1089; x_wconf 77' lang='lat' dir='ltr'>agnem.</span> 
     </span>
    </p>
   </div>
   <div class='ocr_carea' id='block_1_3' title="bbox 213 1270 967 1379">
    <p class='ocr_par' dir='ltr' id='par_1_3' title="bbox 213 1270 967 1379">
     <span class='ocr_line' id='line_1_11' title="bbox 213 1270 967 1318; baseline 0.005 -13"><span class='ocrx_word' id='word_1_42' title='bbox 213 1270 249 1305; x_wconf 73' lang='lat' dir='ltr'>DE</span> <span class='ocrx_word' id='word_1_43' title='bbox 263 1270 452 1310; x_wconf 73' lang='lat' dir='ltr'>connmnnnu</span> <span class='ocrx_word' id='word_1_44' title='bbox 465 1272 520 1318; x_wconf 74' lang='lat' dir='ltr'>QUA</span> <span class='ocrx_word' id='word_1_45' title='bbox 534 1272 742 1310; x_wconf 68' lang='lat' dir='ltr'>PAUPEMAHU</span> <span class='ocrx_word' id='word_1_46' title='bbox 755 1272 831 1310; x_wconf 65' lang='lat' dir='ltr'>SUAM</span> <span class='ocrx_word' id='word_1_47' title='bbox 844 1272 967 1310; x_wconf 80' lang='lat' dir='ltr'>omnus</span> 
     </span>
     <span class='ocr_line' id='line_1_12' title="bbox 520 1341 664 1379; baseline 0.007 -1"><span class='ocrx_word' id='word_1_48' title='bbox 520 1341 664 1379; x_wconf 71' lang='lat' dir='ltr'><strong>PRAEHM·</strong></span> 
     </span>
    </p>
   </div>
   <div class='ocr_carea' id='block_1_4' title="bbox 264 1433 983 2944">
    <p class='ocr_par' dir='ltr' id='par_1_4' title="bbox 264 1433 620 1501">
     <span class='ocr_line' id='line_1_13' title="bbox 264 1433 620 1501; baseline 0 -17"><span class='ocrx_word' id='word_1_49' title='bbox 264 1433 289 1484; x_wconf 86' lang='lat' dir='ltr'>N</span> <span class='ocrx_word' id='word_1_50' title='bbox 290 1448 325 1486; x_wconf 81' lang='lat' dir='ltr'>ou</span> <span class='ocrx_word' id='word_1_51' title='bbox 337 1434 402 1486; x_wconf 89' lang='lat' dir='ltr'>ebur</span> <span class='ocrx_word' id='word_1_52' title='bbox 412 1450 497 1501; x_wconf 86' lang='lat' dir='ltr'>neque</span> <span class='ocrx_word' id='word_1_53' title='bbox 509 1449 620 1485; x_wconf 87' lang='lat' dir='ltr'>eurenm</span> 
     </span>
    </p>

    <p class='ocr_par' dir='ltr' id='par_1_5' title="bbox 265 1499 734 1634">
     <span class='ocr_line' id='line_1_14' title="bbox 299 1499 734 1565; baseline -0.005 -12"><span class='ocrx_word' id='word_1_54' title='bbox 299 1502 361 1553; x_wconf 80' lang='lat' dir='ltr'>Meo</span> <span class='ocrx_word' id='word_1_55' title='bbox 372 1501 476 1553; x_wconf 85' lang='lat' dir='ltr'>renidet</span> <span class='ocrx_word' id='word_1_56' title='bbox 487 1500 516 1551; x_wconf 92' lang='lat' dir='ltr'>in</span> <span class='ocrx_word' id='word_1_57' title='bbox 529 1500 606 1551; x_wconf 91' lang='lat' dir='ltr'>domo</span> <span class='ocrx_word' id='word_1_58' title='bbox 617 1499 734 1565; x_wconf 73' lang='lat' dir='ltr'>heuheu,</span> 
     </span>
     <span class='ocr_line' id='line_1_15' title="bbox 265 1566 583 1634; baseline -0.003 -15"><span class='ocrx_word' id='word_1_59' title='bbox 265 1568 325 1621; x_wconf 88' lang='lat' dir='ltr'>Non</span> <span class='ocrx_word' id='word_1_60' title='bbox 338 1567 424 1620; x_wconf 79' lang='lat' dir='ltr'>trebes</span> <span class='ocrx_word' id='word_1_61' title='bbox 437 1566 583 1634; x_wconf 84' lang='lat' dir='ltr'>Hymettiae</span> 
     </span>
    </p>

    <p class='ocr_par' dir='ltr' id='par_1_6' title="bbox 265 1634 792 1772">
     <span class='ocr_line' id='line_1_16' title="bbox 299 1634 792 1689; baseline 0.002 -1"><span class='ocrx_word' id='word_1_62' title='bbox 299 1636 429 1689; x_wconf 86' lang='lat' dir='ltr'>Prcmunt</span> <span class='ocrx_word' id='word_1_63' title='bbox 441 1634 576 1688; x_wconf 91' lang='lat' dir='ltr'>columnes</span> <span class='ocrx_word' id='word_1_64' title='bbox 588 1634 685 1687; x_wconf 84' lang='lat' dir='ltr'>ultime</span> <span class='ocrx_word' id='word_1_65' title='bbox 696 1634 792 1689; x_wconf 84' lang='lat' dir='ltr'>recises</span> 
     </span>
     <span class='ocr_line' id='line_1_17' title="bbox 265 1703 558 1772; baseline 0 -15"><span class='ocrx_word' id='word_1_66' title='bbox 265 1704 362 1772; x_wconf 70' lang='lat' dir='ltr'>Africo,</span> <span class='ocrx_word' id='word_1_67' title='bbox 374 1722 392 1757; x_wconf 89' lang='lat' dir='ltr'>n</span> <span class='ocrx_word' id='word_1_68' title='bbox 426 1722 459 1757; x_wconf 91' lang='lat' dir='ltr'>ue</span> <span class='ocrx_word' id='word_1_69' title='bbox 471 1703 558 1758; x_wconf 78' lang='lat' dir='ltr'>Atesli</span> 
     </span>
    </p>

    <p class='ocr_par' dir='ltr' id='par_1_7' title="bbox 266 1773 757 1896">
     <span class='ocr_line' id='line_1_18' title="bbox 300 1773 757 1855; baseline 0.004 -30"><span class='ocrx_word' id='word_1_70' title='bbox 300 1773 411 1841; x_wconf 81' lang='lat' dir='ltr'>Ignotus</span> <span class='ocrx_word' id='word_1_71' title='bbox 442 1790 498 1827; x_wconf 86' lang='lat' dir='ltr'>eres</span> <span class='ocrx_word' id='word_1_72' title='bbox 508 1773 610 1855; x_wconf 70' lang='lat' dir='ltr'>regium</span> <span class='ocrx_word' id='word_1_73' title='bbox 621 1774 757 1844; x_wconf 81' lang='lat' dir='ltr'>occuperi,</span> 
     </span>
     <span class='ocr_line' id='line_1_19' title="bbox 266 1840 552 1896; baseline 0 -1"><span class='ocrx_word' id='word_1_74' title='bbox 266 1840 321 1895; x_wconf 86' lang='lat' dir='ltr'>Nec</span> <span class='ocrx_word' id='word_1_75' title='bbox 333 1843 473 1896; x_wconf 65' lang='lat' dir='ltr'>laconicus</span> <span class='ocrx_word' id='word_1_76' title='bbox 484 1842 552 1895; x_wconf 86' lang='lat' dir='ltr'>mihr</span> 
     </span>
    </p>

    <p class='ocr_par' dir='ltr' id='par_1_8' title="bbox 265 1911 813 2050">
     <span class='ocr_line' id='line_1_20' title="bbox 300 1911 813 1982; baseline 0.004 -19"><span class='ocrx_word' id='word_1_77' title='bbox 300 1911 420 1967; x_wconf 72' lang='lat' dir='ltr'>Trahunt</span> <span class='ocrx_word' id='word_1_78' title='bbox 432 1912 547 1966; x_wconf 69' lang='lat' dir='ltr'>honeste)</span> <span class='ocrx_word' id='word_1_79' title='bbox 559 1929 689 1982; x_wconf 74' lang='lat' dir='ltr'>purpuras</span> <span class='ocrx_word' id='word_1_80' title='bbox 701 1912 813 1967; x_wconf 82' lang='lat' dir='ltr'>clientae.</span> 
     </span>
     <span class='ocr_line' id='line_1_21' title="bbox 265 1978 520 2050; baseline 0.008 -18"><span class='ocrx_word' id='word_1_81' title='bbox 265 1978 302 2033; x_wconf 77' lang='lat' dir='ltr'>Ae</span> <span class='ocrx_word' id='word_1_82' title='bbox 314 1980 378 2034; x_wconf 86' lang='lat' dir='ltr'>fides</span> <span class='ocrx_word' id='word_1_83' title='bbox 390 1986 418 2033; x_wconf 87' lang='lat' dir='ltr'>et</span> <span class='ocrx_word' id='word_1_84' title='bbox 429 1981 520 2050; x_wconf 79' lang='lat' dir='ltr'>ingeni</span> 
     </span>
    </p>

    <p class='ocr_par' dir='ltr' id='par_1_9' title="bbox 266 2049 983 2187">
     <span class='ocr_line' id='line_1_22' title="bbox 300 2049 983 2120; baseline 0.001 -19"><span class='ocrx_word' id='word_1_85' title='bbox 300 2049 420 2117; x_wconf 78' lang='lat' dir='ltr'>Benigne</span> <span class='ocrx_word' id='word_1_86' title='bbox 431 2067 499 2103; x_wconf 82' lang='lat' dir='ltr'>vene</span> <span class='ocrx_word' id='word_1_87' title='bbox 511 2055 558 2117; x_wconf 87' lang='lat' dir='ltr'>est,</span> <span class='ocrx_word' id='word_1_88' title='bbox 569 2066 764 2120; x_wconf 74' lang='lat' dir='ltr'>pauperemque</span> <span class='ocrx_word' id='word_1_89' title='bbox 777 2049 849 2103; x_wconf 88' lang='lat' dir='ltr'>dives</span> <span class='ocrx_word' id='word_1_90' title='bbox 951 2054 983 2102; x_wconf 91' lang='lat'>10</span> 
     </span>
     <span class='ocr_line' id='line_1_23' title="bbox 266 2118 583 2187; baseline 0.006 -18"><span class='ocrx_word' id='word_1_91' title='bbox 266 2118 310 2170; x_wconf 86' lang='lat' dir='ltr'>Me</span> <span class='ocrx_word' id='word_1_92' title='bbox 323 2118 404 2187; x_wconf 90' lang='lat' dir='ltr'>petit:</span> <span class='ocrx_word' id='word_1_93' title='bbox 423 2119 491 2171; x_wconf 87' lang='lat' dir='ltr'>nihil</span> <span class='ocrx_word' id='word_1_94' title='bbox 503 2135 583 2187; x_wconf 87' lang='lat' dir='ltr'>supre</span> 
     </span>
    </p>

    <p class='ocr_par' dir='ltr' id='par_1_10' title="bbox 265 2186 816 2324">
     <span class='ocr_line' id='line_1_24' title="bbox 299 2186 816 2255; baseline 0 -16"><span class='ocrx_word' id='word_1_95' title='bbox 299 2186 367 2240; x_wconf 84' lang='lat' dir='ltr'>Deos</span> <span class='ocrx_word' id='word_1_96' title='bbox 379 2186 483 2250; x_wconf 83' lang='lat' dir='ltr'>lecesso,</span> <span class='ocrx_word' id='word_1_97' title='bbox 495 2204 543 2241; x_wconf 88' lang='lat' dir='ltr'>nec</span> <span class='ocrx_word' id='word_1_98' title='bbox 554 2192 689 2255; x_wconf 83' lang='lat' dir='ltr'>potentem</span> <span class='ocrx_word' id='word_1_99' title='bbox 701 2186 816 2241; x_wconf 76' lang='lat' dir='ltr'>amicum</span> 
     </span>
     <span class='ocr_line' id='line_1_25' title="bbox 265 2255 499 2324; baseline -0.004 -15"><span class='ocrx_word' id='word_1_100' title='bbox 265 2256 388 2324; x_wconf 75' lang='lat' dir='ltr'>Largium</span> <span class='ocrx_word' id='word_1_101' title='bbox 399 2255 499 2323; x_wconf 71' lang='lat' dir='ltr'>flagito,</span> 
     </span>
    </p>

    <p class='ocr_par' dir='ltr' id='par_1_11' title="bbox 265 2321 694 2459">
     <span class='ocr_line' id='line_1_26' title="bbox 299 2321 694 2379; baseline -0.003 -1"><span class='ocrx_word' id='word_1_102' title='bbox 299 2324 369 2379; x_wconf 80' lang='lat' dir='ltr'>Setis</span> <span class='ocrx_word' id='word_1_103' title='bbox 381 2324 474 2377; x_wconf 83' lang='lat' dir='ltr'>boetus</span> <span class='ocrx_word' id='word_1_104' title='bbox 485 2322 571 2376; x_wconf 88' lang='lat' dir='ltr'>unicis</span> <span class='ocrx_word' id='word_1_105' title='bbox 584 2321 694 2377; x_wconf 75' lang='lat' dir='ltr'>Sabinis</span> 
     </span>
     <span class='ocr_line' id='line_1_27' title="bbox 265 2392 522 2459; baseline -0.004 -14"><span class='ocrx_word' id='word_1_106' title='bbox 265 2394 392 2447; x_wconf 79' lang='lat' dir='ltr'>Truditur</span> <span class='ocrx_word' id='word_1_107' title='bbox 404 2392 459 2445; x_wconf 89' lang='lat' dir='ltr'>dies</span> <span class='ocrx_word' id='word_1_108' title='bbox 472 2392 522 2459; x_wconf 87' lang='lat' dir='ltr'>die,</span> 
     </span>
    </p>

    <p class='ocr_par' dir='ltr' id='par_1_12' title="bbox 264 2460 780 2585">
     <span class='ocr_line' id='line_1_28' title="bbox 299 2460 780 2532; baseline 0.002 -16"><span class='ocrx_word' id='word_1_109' title='bbox 299 2463 432 2532; x_wconf 82' lang='lat' dir='ltr'>Novoeque</span> <span class='ocrx_word' id='word_1_110' title='bbox 443 2467 559 2531; x_wconf 81' lang='lat' dir='ltr'>pergunt</span> <span class='ocrx_word' id='word_1_111' title='bbox 570 2460 678 2514; x_wconf 85' lang='lat' dir='ltr'>interire</span> <span class='ocrx_word' id='word_1_112' title='bbox 691 2460 780 2517; x_wconf 84' lang='lat' dir='ltr'>Lunee.</span> 
     </span>
     <span class='ocr_line' id='line_1_29' title="bbox 264 2530 570 2585; baseline 0.003 -3"><span class='ocrx_word' id='word_1_113' title='bbox 264 2531 304 2582; x_wconf 76' lang='lat' dir='ltr'>&#39;Pu</span> <span class='ocrx_word' id='word_1_114' title='bbox 317 2530 428 2585; x_wconf 82' lang='lat' dir='ltr'>secunde</span> <span class='ocrx_word' id='word_1_115' title='bbox 439 2548 570 2584; x_wconf 71' lang='lat' dir='ltr'>marmore</span> 
     </span>
    </p>

    <p class='ocr_par' dir='ltr' id='par_1_13' title="bbox 265 2599 823 2725">
     <span class='ocr_line' id='line_1_30' title="bbox 298 2599 823 2670; baseline 0 -17"><span class='ocrx_word' id='word_1_116' title='bbox 298 2600 379 2653; x_wconf 75' lang='lat' dir='ltr'>Locos</span> <span class='ocrx_word' id='word_1_117' title='bbox 391 2599 440 2653; x_wconf 90' lang='lat' dir='ltr'>sub</span> <span class='ocrx_word' id='word_1_118' title='bbox 451 2600 539 2670; x_wconf 92' lang='lat' dir='ltr'>ipsum</span> <span class='ocrx_word' id='word_1_119' title='bbox 551 2600 640 2667; x_wconf 83' lang='lat' dir='ltr'>fimus,</span> <span class='ocrx_word' id='word_1_120' title='bbox 651 2605 679 2653; x_wconf 89' lang='lat' dir='ltr'>et</span> <span class='ocrx_word' id='word_1_121' title='bbox 691 2599 823 2669; x_wconf 90' lang='lat' dir='ltr'>sepulchri</span> 
     </span>
     <span class='ocr_line' id='line_1_31' title="bbox 265 2668 612 2725; baseline 0.014 -5"><span class='ocrx_word' id='word_1_122' title='bbox 265 2668 406 2722; x_wconf 87' lang='lat' dir='ltr'>Immemor</span> <span class='ocrx_word' id='word_1_123' title='bbox 417 2669 497 2721; x_wconf 86' lang='lat' dir='ltr'>struis</span> <span class='ocrx_word' id='word_1_124' title='bbox 509 2668 612 2725; x_wconf 86' lang='lat' dir='ltr'>domos.</span> 
     </span>
    </p>

    <p class='ocr_par' dir='ltr' id='par_1_14' title="bbox 265 2735 982 2873">
     <span class='ocr_line' id='line_1_32' title="bbox 298 2735 982 2806; baseline 0 -18"><span class='ocrx_word' id='word_1_125' title='bbox 298 2735 432 2805; x_wconf 76' lang='lat' dir='ltr'>Musisque</span> <span class='ocrx_word' id='word_1_126' title='bbox 444 2737 516 2789; x_wconf 86' lang='lat' dir='ltr'>Beiis</span> <span class='ocrx_word' id='word_1_127' title='bbox 527 2737 702 2806; x_wconf 86' lang='lat' dir='ltr'>obstrepentis</span> <span class='ocrx_word' id='word_1_128' title='bbox 715 2754 792 2805; x_wconf 79' lang='lat' dir='ltr'>urges</span> <span class='ocrx_word' id='word_1_129' title='bbox 948 2740 982 2788; x_wconf 79' lang='lat'>20</span> 
     </span>
     <span class='ocr_line' id='line_1_33' title="bbox 265 2804 530 2873; baseline 0.004 -15"><span class='ocrx_word' id='word_1_130' title='bbox 265 2804 432 2858; x_wconf 86' lang='lat' dir='ltr'>Summovere</span> <span class='ocrx_word' id='word_1_131' title='bbox 444 2804 530 2873; x_wconf 76' lang='lat' dir='ltr'>litora,</span> 
     </span>
    </p>

    <p class='ocr_par' dir='ltr' id='par_1_15' title="bbox 298 2873 766 2944">
     <span class='ocr_line' id='line_1_34' title="bbox 298 2873 766 2944; baseline 0.013 -20"><span class='ocrx_word' id='word_1_132' title='bbox 298 2873 396 2927; x_wconf 78' lang='lat' dir='ltr'>Porum</span> <span class='ocrx_word' id='word_1_133' title='bbox 407 2873 524 2944; x_wconf 84' lang='lat' dir='ltr'>locuples</span> <span class='ocrx_word' id='word_1_134' title='bbox 536 2874 689 2927; x_wconf 87' lang='lat' dir='ltr'>continente</span> <span class='ocrx_word' id='word_1_135' title='bbox 700 2873 766 2941; x_wconf 79' lang='lat' dir='ltr'>ripe.</span> 
     </span>
    </p>
   </div>
   <div class='ocr_carea' id='block_1_5' title="bbox 0 0 1210 3317">
    <p class='ocr_par' dir='ltr' id='par_1_16' title="bbox 0 0 1210 3317">
     <span class='ocr_line' id='line_1_35' title="bbox 0 0 1210 3317; baseline 0 0"><span class='ocrx_word' id='word_1_136' title='bbox 0 0 1210 3317; x_wconf 95' lang='lat' dir='ltr'> </span> 
     </span>
    </p>
   </div>
  </div>
 </body>
</html>
