2409 3317
427 346 570 401 EPODON
587 343 696 401 GARM.
714 350 740 399 5.

291 448 327 501 Et
339 463 415 501 omna
427 446 545 501 vicinum
556 443 691 514 oppidum,

258 517 322 581 Quae
335 517 419 569 sidera
431 520 573 569 excantata
585 530 648 566 vocs
659 509 784 564 Thessala

292 586 446 655 Lunamque
458 583 522 637 casio
535 582 639 652 deripit.

257 654 310 707 Hic
322 654 475 707 irrassctum
487 669 556 706 aava
568 651 648 704 dsnta
659 649 742 704 livido

292 723 403 776 Canidia
414 722 507 774 rodens
538 720 640 773 allisam

257 791 327 856 Quid
340 791 409 844 dixit
421 796 468 843 aut
480 790 545 858 quid
558 787 659 842 tacuiti
672 787 719 841 “0
732 784 809 840 rebus
819 788 884 842 mais

292 861 352 913 Non
364 859 482 912 infideles
495 858 609 924 arbitrus,
877 893 880 897 -
944 859 978 907 50

257 929 318 983 Nox
330 934 357 981 et
368 928 463 995 Diana,
476 944 535 997 quaa
547 926 683 979 silentium
693 925 770 995 ragis,

293 1000 397 1051 Arcana
409 1013 490 1065 quum
502 997 570 1049 finnt
583 1012 662 1061 saara,

257 1066 335 1119 Nunc
347 1083 418 1119 nune
430 1065 526 1132 adasts,
539 1082 610 1117 nunc
621 1063 652 1116 in
662 1062 771 1116 hostiles
782 1063 871 1116 domos

294 1135 366 1188 Iram
379 1141 459 1203 atque
471 1151 570 1186 numen
582 1134 692 1188 vertite!

257 1203 440 1257 Formidolosis
451 1203 516 1255 dum
528 1202 614 1256 latent
626 1201 699 1255 silvis
709 1202 772 1255 fsroe

292 1272 371 1324 Dulsi
384 1289 473 1341 sopora
484 1272 628 1339 languidas,

258 1339 359 1405 Sonam,
372 1340 441 1408 quod
453 1357 542 1393 omnes
554 1340 666 1406 rideant,
678 1339 827 1393 adsultatum

293 1408 403 1460 Latrsnt
415 1407 559 1461 Subuuanae
572 1425 650 1461 canas

256 1472 346 1528 Nardo
358 1482 524 1545 perunctum,
537 1476 615 1545 quale
626 1493 680 1529 non
692 1475 833 1544 perfectius

292 1544 360 1597 Meas
372 1544 516 1597 laborarint
527 1561 665 1597 manus—
944 1557 978 1603 60

260 1613 330 1677 Quid
341 1614 455 1667 accidit?
474 1614 526 1667 cur
538 1614 597 1666 dira
608 1612 725 1666 barbaras
737 1613 826 1665 minus

293 1682 401 1735 Venena
413 1683 513 1735 Medsae
525 1682 633 1736 valenti

259 1749 357 1815 Quibus
371 1769 401 1804 su
435 1751 509 1805 rbam
521 1752 591 1821 fugit
604 1751 663 1805 ulta
673 1751 801 1820 pellicem,

293 1819 386 1889 Magni
399 1769 516 1873 &sontis
528 1821 619 1888 filiam,

259 1888 346 1953 Quum
358 1889 436 1958 palla,
448 1889 510 1943 tabo
521 1906 620 1943 munus
631 1890 770 1956 imbutum,
782 1906 878 1943 novam

294 1957 420 2011 incendio
431 1966 544 2028 nuptam
556 1959 675 2013 abstulit

259 2025 344 2095 Atqui
355 2044 403 2079 nac
415 2027 496 2079 herba
507 2044 556 2080 nec
568 2027 654 2081 latsns
665 2029 694 2080 in
707 2028 805 2097 asperis

293 2094 381 2148 Radix
392 2095 489 2147 fefellit
501 2113 543 2147 ms
554 2096 626 2151 locis.

259 2163 389 2216 indormit
400 2164 488 2215 unctis
501 2164 620 2216 omnium
631 2164 762 2217 subilibus

294 2231 431 2285 Oblivione
443 2232 575 2301 pellicum.
945 2234 978 2286 70

257 2300 301 2353 Ah
312 2300 362 2355 ah!
382 2301 483 2353 solutus
495 2300 615 2354 ambulat
627 2300 748 2355 senefiam

294 2368 447 2423 Scientioris
460 2370 583 2423 carmina.

147 2435 153 2447 ’
257 2438 317 2490 Non
328 2439 442 2505 usitatis,
455 2437 531 2505 Vara,
543 2438 702 2507 potionibus,

292 2506 314 2559 O
325 2507 412 2561 multa
423 2508 547 2561 flaturum
559 2515 648 2577 eaput,

256 2573 299 2625 Ad
311 2592 481 2629 massennes
493 2593 541 2629 nea
553 2582 648 2630 vocata
657 2583 793 2631 manstna

292 2642 389 2696 Marsis
400 2645 498 2699 redibit
509 2645 623 2705 vasibus

257 2709 346 2832 Magus
357 2714 462 2794 pai-abs,
474 2717 561 2783 majus
572 2714 713 2768 infimdam
725 2712 775 2768 tibi

294 2780 451 2861 ‘aaudianti
463 2783 595 2865 paulum,
655 2852 662 2865 ·
766 2850 773 2865 ι

256 2848 386 2919 Pnusque
397 2851 493 2903 coelum
505 2852 573 2917 sidat
584 2852 697 2907 inform
706 2869 782 2919 man,
