2409 3317
430 374 641 430 SATIRARUM
662 376 702 429 11.
720 379 745 428 4.
936 372 987 424 173
1015 365 1020 373 ’

194 470 348 527 Pectinibus
361 470 459 540 patulis
468 471 554 538 jactat
566 486 593 523 se
605 469 684 523 molle
696 469 838 523 'Parentum

194 542 220 595 N
222 560 251 595 ec
264 540 314 595 sibi
327 557 460 593 coenanrm
474 539 560 608 quivis
572 545 670 592 temere
682 538 790 606 adroget
800 544 894 609 artem,

193 610 255 664 Non
267 610 341 679 prius
353 615 448 663 exacta
459 608 534 662 tenui
546 609 649 661 ratione
660 623 790 678 saporum.

193 678 220 732 N
220 696 249 733 ee
262 679 325 733 satis
338 684 379 733 est
391 694 452 732 cara
464 679 547 747 pisces
559 683 677 730 avertere
687 694 786 743 mensa,

195 746 323 817 Ignarum
334 747 431 817 quibus
443 752 483 800 est
491 748 536 815 jus
548 746 638 815 aptius
650 749 677 799 et
689 744 784 814 quibus
795 745 861 799 assis

194 816 347 885 Languidus
359 816 389 869 in
400 815 519 869 cubitum
527 816 585 882 jam
597 832 624 867 se
636 815 747 869 conviva
757 819 876 884 reponet.

194 884 293 940 Umber
305 892 332 939 et
343 886 373 938 ili
411 901 427 938 a
439 884 557 937 nutritus
568 884 666 952 glande
677 883 804 937 rotundas
954 887 990 938 40

195 954 294 1008 Ourvat
306 971 369 1023 aper
392 970 470 1007 ancos
482 969 587 1005 carnem
599 952 710 1006 vitantis
722 952 850 1017 inertem3

194 1023 220 1076 N
221 1040 264 1077 am
276 1023 392 1076 laurent
404 1022 490 1075 malus
502 1026 549 1089 est,
561 1021 631 1073 ulvis
643 1027 671 1075 et
682 1021 811 1075 ansndine
824 1021 937 1092 pinguis

195 1090 281 1145 Vinea
293 1090 427 1144 submittit
438 1106 544 1159 capreos
556 1107 610 1143 non
622 1106 723 1159 semper
735 1090 832 1144 edules.

194 1159 326 1215 Facundus
338 1159 433 1230 leporis
446 1160 549 1228 sapiens
561 1158 705 1214 sectabitur
716 1176 808 1213 armos,

195 1227 314 1283 Piscibus
326 1236 408 1298 atque
419 1229 512 1282 avibus
524 1246 582 1297 quae
594 1233 692 1282 natura
703 1234 730 1281 et
741 1229 810 1282 foret
822 1235 894 1296 oetas,

195 1298 265 1351 Ante
277 1315 365 1351 meum
376 1298 445 1350 nulli
456 1298 545 1367 patuit
557 1297 668 1367 quesita
680 1296 806 1366 palatum.

195 1365 272 1433 Sunt,
284 1383 395 1434 quorum
407 1366 544 1434 ingenium
555 1383 625 1419 nova
636 1371 742 1418 tantum
754 1366 873 1419 crustula
884 1366 988 1435 promit

195 1434 369 1503 Nequaquam
381 1434 444 1486 satis
456 1434 485 1486 in
496 1452 525 1487 re
536 1451 591 1487 una
603 1450 754 1486 consumere
767 1450 873 1498 curam;

196 1502 234 1556 Ut
246 1503 268 1554 si
281 1502 338 1571 quis
352 1502 436 1555 solum
448 1502 505 1569 hoc,
517 1502 588 1555 mula
599 1519 634 1554 ne
645 1504 700 1553 sint
711 1501 782 1569 vina,
793 1501 900 1569 laboret,

196 1572 275 1636 Quali
287 1570 429 1641 perfundat
441 1570 524 1639 pisces
536 1586 643 1625 securus
655 1569 730 1623 olivo.
954 1574 989 1623 60

194 1639 309 1694 Massica
321 1640 343 1693 si
355 1638 420 1693 coelo
432 1656 562 1708 suppones
573 1638 637 1692 vina
648 1655 745 1706 screno,

194 1708 339 1776 Nocturna,
352 1708 374 1761 si
387 1708 451 1777 quid
464 1708 543 1762 crassi
555 1714 601 1776 est,
614 1707 769 1761 tenuabitur
780 1724 845 1762 aura

194 1778 231 1832 Et
243 1779 352 1832 decedet
364 1779 426 1832 odor
438 1778 525 1831 nervis
536 1778 675 1841 inimicus3
693 1782 722 1830 at
733 1777 781 1831 ille

196 1846 335 1916 Integrum
348 1848 462 1917 perdunt
474 1846 528 1900 lino
541 1847 638 1900 vitiata
650 1864 678 1900 sa
712 1864 775 1901 rem.

195 1914 351 1970 Surrentina
363 1917 436 1970 vafer
448 1917 494 1999 qui
505 1917 598 1969 miscet
609 1916 675 1969 foece
709 1915 799 1970 alernu

196 1985 272 2051 Vina,
286 1986 434 2039 columbino
446 1985 540 2038 hmum
551 1984 619 2038 bene
630 1984 732 2053 colligit
744 2002 800 2052 ovo,

196 2052 331 2117 Quatenus
343 2054 397 2106 insa
408 2054 477 2122 petit
488 2053 594 2107 volvens
606 2053 693 2106 aliena
705 2054 820 2107 vitellus.

196 2121 281 2174 Testis
292 2127 452 2174 marcentem
465 2122 565 2189 squillis
576 2120 704 2174 recreabis
716 2126 743 2174 et
755 2122 820 2174 Afra

197 2189 319 2242 Peterem
331 2189 436 2242 cochlea
443 2208 450 2253 ;
467 2206 530 2241 nam
541 2189 646 2242 lactuca
656 2191 762 2242 innatet
774 2189 828 2241 ucri

196 2257 260 2311 Post
271 2259 364 2311 vinum
376 2255 508 2310 stomacho
515 2276 522 2321 ;
540 2274 623 2327 perna
634 2258 718 2325 magis
730 2274 761 2311 ec
836 2257 857 2310 's
869 2258 941 2313 hillis
953 2262 987 2314 60

196 2327 314 2396 Flagitut
326 2326 486 2379 immersus⁸‘²
498 2326 570 2379 refici
577 2346 584 2391 ;
602 2326 668 2395 quin
680 2326 768 2379 omnia
779 2344 823 2380 ma
835 2328 863 2396 't,

197 2397 364 2466 Quaecunque
377 2394 519 2447 immundis
530 2395 634 2448 fervent
646 2394 728 2449 alluta
739 2396 850 2465 popinis.

195 2465 244 2518 Est
256 2482 340 2535 operte
352 2464 467 2535 pretium
480 2463 593 2533 duplicis
606 2481 757 2533 pernoscere
765 2466 834 2533 juris

196 2534 222 2587 N
223 2542 333 2587 aturam.
369 2533 488 2604 Simplex
500 2551 514 2587 e
527 2533 599 2586 dulci
611 2539 714 2588 constat
726 2534 802 2601 olivo,

196 2603 271 2668 Quod
302 2603 377 2671 ingui
388 2604 497 2657 miscere
508 2620 579 2657 mero
591 2603 729 2673 muriaque
740 2604 850 2673 decebit,

196 2671 256 2725 Non
295 2672 322 2724 ia
333 2689 413 2741 quarn
425 2689 478 2741 qua
489 2672 621 2740 Byzantia
651 2673 724 2727 utuit
735 2689 802 2725 orca

197 2740 255 2793 Hoc
267 2740 314 2794 ubi
325 2740 462 2793 confusum
474 2740 551 2793 sectis
562 2690 690 2794 inferbuit
701 2740 788 2794 herbis
882 2806 886 2811 ⁷

198 2809 355 2879 Corycioque
367 2826 440 2864 croco
452 2826 571 2879 sparsum
583 2810 666 2878 stetit,
678 2810 785 2880 insuper
796 2808 878 2863 addes

514 2902 528 2923 ¹·
543 2895 656 2936 tumorem
