2409 3317
378 376 630 434 EPISTOLARUM
650 373 691 426 ll.
712 377 733 435 l,
752 374 776 422 2.
926 368 976 419 227

313 584 485 640 EPISTOLA
504 587 616 640 II.—u1›
629 599 735 638 sumum
748 596 868 636 monus.

189 692 295 757 ann,
307 689 374 743 bono
386 690 507 760 cleroque
518 689 604 744 fidelis
615 690 699 743 emioe
710 689 816 756 Neroni,

189 761 221 814 Si
233 761 290 830 quis
301 760 370 813 forte
381 760 446 813 velit
457 777 569 829 puerum
581 760 631 813 tibi
644 759 755 813 vendere
766 766 860 811 netum

190 829 290 882 Tibure
302 828 344 882 vel
357 828 446 882 Gabiis
458 834 485 882 et
496 834 586 881 teoum
597 829 635 881 sio
647 833 723 896 eget:
739 829 755 857 ‘⁶
763 828 815 880 Hic
827 836 854 881 et

189 897 328 951 (laudidus
339 902 367 951 et
378 898 447 951 telos
458 913 476 950 e
485 898 584 951 vertice
595 898 706 966 pulcher
718 897 752 950 sd
763 897 837 964 imos,

192 967 255 1020 Fiet
267 967 368 1034 eritque
379 972 443 1019 tuus
455 983 623 1019 nummorum
634 964 751 1017 millibus
763 971 830 1033 octo,

85 1047 86 1066 ¹
193 1036 284 1089 Verus
295 1035 448 1088 ministeriis
460 1035 494 1088 sd
505 1040 588 1087 nutus
600 1040 679 1104 aptus
690 1034 793 1101 heriles,

193 1104 333 1157 Litterulis
345 1103 442 1156 Graeois
452 1103 579 1172 imbutus,
591 1104 700 1157 idoneus
712 1104 765 1156 arti

194 1173 326 1238 Cuilibet3
343 1172 438 1241 argillis
449 1172 554 1255 quidvis
566 1172 711 1226 imitaberis
722 1172 784 1239 ude,

195 1242 268 1307 Quin
280 1242 361 1294 etiem
372 1247 450 1295 cenet
460 1242 603 1309 mdootum,
617 1242 661 1295 sed
674 1242 751 1295 dulce
762 1241 871 1295 bibenti.

195 1310 285 1364 Mults
296 1311 376 1363 fidem
386 1311 514 1380 promisse
525 1311 622 1378 levent,
635 1311 682 1364 ubi
693 1310 797 1380 plenius
809 1328 883 1381 oequo
954 1314 982 1363 lc

196 1380 301 1433 Leudet
313 1379 425 1446 venales,
454 1380 484 1433 ui
496 1380 556 1432 vult
567 1380 714 1446 extrudere,
726 1396 831 1432 merces.

197 1448 249 1501 Res
311 1454 338 1501 et
349 1465 392 1500 me
403 1465 440 1500 nu
484 1466 492 1513 ;
509 1464 568 1500 meo
580 1465 640 1500 sum
670 1464 752 1517 super
763 1448 791 1499 in
803 1464 859 1500 aere.

197 1517 283 1569 Nemo
314 1533 344 1569 oe
355 1533 516 1584 mangonum
527 1516 627 1569 fuceret
638 1522 660 1569 u
678 1516 703 1581 i;
720 1533 773 1568 non
785 1522 883 1569 temere
894 1534 911 1568 a
921 1534 963 1568 me

198 1586 290 1651 Quivis
302 1585 382 1638 ferret
393 1585 471 1638 idem.
506 1584 592 1638 Semel
603 1585 648 1638 hie
660 1584 779 1653 cessavit,
790 1591 824 1648 et,
837 1590 869 1637 ut
880 1584 919 1648 fit,

200 1655 233 1707 In
245 1653 322 1707 soelis
334 1653 414 1707 latuit
425 1654 697 1775 memenssffindenffi
708 1653 830 1707 habenae:
842 1683 878 1693 —

198 1723 251 1777 Des
263 1740 391 1790 nummos,
403 1728 514 1792 excepte
606 1729 634 1776 te
646 1722 668 1775 si
680 1723 745 1791 fuge
756 1721 868 1787 ledet?

199 1792 249 1846 Ille
260 1793 329 1846 feret
340 1792 456 1861 pretium
467 1808 551 1874 poenae
563 1808 675 1859 seourus,
687 1793 785 1874 opinor.

201 1861 320 1914 Prudens
332 1861 419 1914 emisti
431 1861 563 1929 vitiosum,
575 1861 648 1915 dieto
659 1860 709 1914 tibi
721 1867 761 1915 est
772 1861 830 1915 lex:

201 1930 348 2000 Insequeris
360 1936 450 1984 tomen
462 1932 534 1984 huno
545 1937 573 1984 et
583 1931 633 1984 lite
644 1932 752 1984 moreris
764 1930 874 2001 iniquol

201 1999 265 2052 Dixi
275 2017 318 2053 me
329 2000 436 2069 pigrum
446 2000 622 2069 proficiscenti
634 2000 691 2067 tibi,
704 2000 762 2053 dixi
957 2000 992 2055 20

201 2068 309 2121 Talibus
320 2068 411 2121 officiis
423 2086 504 2137 prope
515 2085 647 2134 mensum,
659 2086 693 2120 ne
704 2086 764 2121 mee
776 2084 860 2120 saevus

202 2136 222 2191 J
302 2152 329 2188 es
341 2136 376 2189 od
388 2142 415 2188 te
427 2136 497 2205 quod
509 2137 621 2205 epistole
632 2136 707 2189 nulla
718 2136 823 2189 rediret.

203 2206 255 2270 Qui
285 2210 343 2257 tum
355 2204 461 2273 profeci,
472 2220 577 2257 meeum
588 2204 714 2257 facientis
722 2206 786 2271 jure

203 2274 231 2328 si
243 2280 333 2327 temen
344 2272 478 2326 attentesi
497 2272 618 2338 Quereris
630 2273 769 2342 superbos
781 2272 869 2341 etiem,
882 2274 951 2343 quod

84 2337 87 2354 '
204 2344 365 2412 Exspectata
375 2340 425 2394 tibi
436 2358 490 2394 non
501 2342 607 2394 mittum
619 2342 737 2395 earmina
747 2340 869 2395 mendax.

205 2411 310 2465 Luculli
321 2410 396 2463 miles
408 2410 518 2464 collecte
529 2410 627 2463 viatica
638 2409 731 2463 multis

205 2479 347 2547 AErumnis,
358 2478 442 2533 lessus
454 2479 518 2532 dum
529 2484 611 2533 noctu
623 2480 718 2549 stemit,
731 2479 765 2532 sd
777 2496 861 2533 essem

206 2549 373 2613 Perdideret3
390 2555 450 2618 post
462 2548 511 2602 hoe
522 2548 662 2602 vehemens
673 2548 753 2619 lupus
765 2555 793 2603 et
805 2548 854 2602 sibi
866 2555 893 2602 et
905 2548 976 2603 hosti

207 2618 293 2671 Iratus
305 2618 411 2699 polites,
419 2619 520 2688 jejunis
532 2618 657 2671 dentibus
669 2634 737 2686 seer,

208 2686 361 2740 Praesidium
371 2687 460 2756 reg-ule
471 2686 528 2741 loeo
539 2688 642 2757 dejecit,
654 2694 686 2741 ut
698 2688 782 2754 aiunt,
961 2686 998 2742 30

208 2756 312 2810 Summe
324 2756 428 2809 munito
439 2761 467 2809 et
477 2756 624 2809 multorum
634 2756 717 2809 divite
729 2772 824 2809 rerum.

209 2825 299 2879 Olenus
310 2824 343 2878 ob
354 2824 383 2877 id
394 2825 496 2877 foetum
508 2824 583 2877 donis
594 2830 703 2878 ornetur
714 2824 844 2888 honestis;

209 2894 312 2964 Aoeipit
324 2898 351 2947 et
362 2893 403 2947 bis
415 2893 483 2947 dens
494 2910 573 2963 super
584 2894 704 2947 sestertio
715 2892 862 2947 nummum.
