2409 3317
415 344 612 401 osuumutt
630 346 686 403 ΠΙ.
701 352 773 402 1-43.

343 444 507 515 Prospiciens
518 450 545 498 et
557 443 651 498 edulte
662 443 737 512 virgo

272 512 399 582 Suspiret
412 514 487 581 eheu,
499 530 533 566 ne
544 513 618 567 rudis
630 512 767 581 agminum

271 581 388 651 Sponsus
400 582 510 636 incuset
521 582 610 651 regius
621 598 743 651 esperum

308 650 391 703 'Psotu
403 651 512 718 leonem,
524 668 603 720 quem
615 657 726 704 eruente

342 720 393 773 Per
404 720 503 775 medies
514 720 585 789 repit
597 720 638 772 ire
649 720 740 773 ooedes.

273 789 358 842 Dulce
370 796 397 842 et
409 789 531 842 denorum
543 794 582 841 est
594 805 642 857 pro
653 789 741 857 petris
751 788 831 843 mori:

271 856 343 911 Mors
355 865 383 911 et
394 859 515 926 fugnsem
527 858 692 926 perseqtritur
703 857 799 924 virum,

306 927 332 979 N
332 944 361 979 eo
373 927 459 996 percit
470 926 583 979 imbellis
591 927 710 994 juvente

342 995 489 1065 Poplitibus
501 995 647 1063 timidoque
658 1001 740 1063 tergo

273 1063 364 1117 Virtus
376 1064 486 1133 repulse
498 1064 586 1117 neseis
596 1063 708 1117 sordidse

274 1133 443 1186 Intsminntis
455 1132 541 1201 fulget
552 1132 703 1199 honoribus,

307 1202 333 1254 N
333 1219 363 1254 ee
375 1202 456 1254 sumit
468 1208 515 1255 eut
527 1202 602 1271 ponit
614 1218 716 1255 secures

342 1270 457 1323 Arbitrio
469 1271 602 1340 populeris
614 1288 694 1324 surse.

273 1339 363 1391 Virtus
375 1338 511 1391 recludens
522 1339 661 1393 immeritis
672 1339 740 1392 mori

272 1407 373 1459 delum
384 1414 481 1474 uegeta
492 1413 579 1461 tentet
591 1407 643 1459 iter
654 1408 705 1473 vie,

307 1476 445 1543 coetusque
457 1475 577 1542 vuigsrss
589 1480 618 1527 et
628 1474 711 1527 udsm

340 1542 446 1612 Spernit
457 1543 569 1595 humum
579 1542 700 1610 fugiente
711 1558 806 1611 pem

272 1612 321 1664 Est
333 1618 360 1664 et
371 1611 444 1663 fideli
456 1617 517 1665 tute
528 1610 633 1665 silentio

272 1681 385 1734 Merces:
404 1680 504 1748 vetsbo,
517 1680 563 1749 qui
575 1680 675 1733 (iereris
686 1697 790 1735 nerum

309 1749 432 1817 vulgarit
444 1766 555 1817 sresnae,
567 1748 617 1803 sub
629 1750 713 1803 isdem

340 1819 381 1871 Sit
393 1817 510 1872 trebibus
521 1818 676 1887 frugilernvs
687 1835 792 1873 meeum

271 1888 361 1941 Soivst
374 1888 514 1957 phaselon3
532 1904 601 1957 soepe
613 1887 744 1957 Diespiter

271 1957 413 2025 Negleetus
424 1956 524 2009 incesto
536 1955 641 2010 eddidit
651 1957 799 2025 integrum:

307 2026 376 2077 Rsro
387 2026 587 2079 antecedentem
599 2025 739 2079 scelestum

340 2093 462 2147 Deseruit
474 2092 540 2163 pede
552 2110 630 2163 prens
640 2094 743 2147 oleudo.

290 2258 441 2313 GARMEN
458 2258 583 2311 111.-ss
596 2272 731 2311 onsrurn
744 2272 902 2313 stomun

269 2372 291 2425 J
292 2387 383 2425 usuuss
397 2379 424 2425 et
436 2378 556 2425 tensoem
567 2370 695 2440 propositi
706 2371 794 2425 virum

270 2442 296 2494 N
296 2458 330 2493 on
342 2441 441 2495 civium
452 2441 529 2495 ordor
540 2457 623 2509 preve
630 2439 789 2509 jubentium,

304 2510 331 2561 N
331 2526 365 2561 on
377 2510 467 2563 uultus
479 2509 603 2563 instantis
615 2508 723 2578 tyrenni

339 2578 430 2631 Mente
442 2579 531 2661 quetit
542 2577 625 2632 solide
636 2594 722 2659 neque
733 2578 837 2645 Auster,

271 2646 334 2698 Dux
346 2647 459 2715 inquieti
470 2647 591 2701 turbidus
603 2647 722 2714 neusse,

272 2714 328 2768 Nec
340 2714 507 2769 fulminantis
518 2732 617 2784 magne
627 2733 721 2769 munus
733 2716 822 2771 Jovis:

305 2782 334 2837 si
345 2784 445 2837 irsotus
457 2785 582 2839 illabetur
593 2785 670 2851 orbis,

341 2852 510 2921 impavidum
521 2852 618 2907 ferient
629 2854 721 2907 ruine.
