2409 3317
411 338 664 394 nmsnonanUM
684 337 723 389 11.
744 340 766 391 l.
931 341 983 394 225

192 438 343 507 Garganum
354 440 456 509 mugire
468 450 545 509 putee
556 456 649 493 nemus
660 443 709 493 aut
719 454 792 492 mare
803 436 925 506 Tuscum,

191 505 276 560 'lanto
288 524 350 561 eum
361 508 475 578 strepitu
485 508 543 562 ludi
644 513 708 561 ntur
719 512 747 561 et
759 510 829 561 artae

191 574 351 646 Divitiaque
362 577 515 646 peregrina,
527 594 574 647 qm
591 594 624 631 na
635 576 734 631 oblitus
745 581 820 631 aeter

191 643 281 709 anm
292 645 368 699 etetit
379 645 408 699 in
420 663 506 714 aeena,
517 645 651 701 concurrit
662 646 772 700 dextera
783 644 862 700 leve

190 710 268 764 Dixit
279 711 367 765 adhue
378 713 479 783 aliquid
485 713 577 767 l-liil
589 712 756 775 eane-Quid
768 712 855 783 planet
867 708 981 782 ergol-

191 778 265 833 Imna
276 780 419 834 Tarentino
430 780 512 834 violae
524 780 630 835 imitata
642 798 749 836 veneno.

191 848 231 901 Ae
243 865 277 902 ne
288 848 356 902 forte
368 855 446 918 putea
457 866 506 918 me,
519 866 578 930 qna
590 850 676 904 faeere
687 850 744 920 ipae
755 866 880 919 reeuaem,

192 916 280 981 Quum
291 922 362 971 recte
373 923 489 971 tractent
500 918 555 986 alii,
566 917 675 972 laudare
687 918 816 987 maligne:

192 985 242 1039 Ille
253 1002 301 1055 per
311 991 451 1040 extentum
462 986 554 1041 funem
566 987 633 1041 mihi
644 1004 719 1056 ponae
729 988 836 1041 ridetur
933 990 984 1040 210

192 1055 235 1108 Ire
246 1055 335 1124 peita,
346 1071 435 1108 meum
464 1055 493 1108 ui
505 1061 598 1125 pectus
610 1055 726 1109 inaniter
737 1055 820 1125 angit,

192 1123 292 1191 Irrittt
303 1123 391 1178 mulce
461 1124 496 1177 eia
507 1124 649 1178 terroribus
660 1124 698 1177 im
716 1125 762 1193 let,

192 1192 230 1246 Ut
241 1209 342 1261 magne,
355 1198 382 1246 et
394 1192 470 1247 moda
481 1210 524 1247 me
535 1193 638 1263 Thebis,
650 1142 727 1249 melle
739 1193 815 1265 ponit
827 1194 945 1249 Athenis.

192 1261 292 1314 Verum
303 1277 353 1329 age
364 1266 392 1315 et
403 1262 452 1329 hie,
465 1261 511 1332 qui
523 1279 551 1315 ee
562 1262 655 1317 lectori
666 1263 770 1318 eredere
782 1264 887 1319 malunt

193 1329 279 1395 Quam
290 1332 444 1399 spectatoris
455 1331 564 1385 fastidia
575 1333 643 1386 ferre
655 1331 768 1403 superbi,

85 1459 86 1462 Ἴ
192 1398 289 1452 (limam
300 1399 381 1453 redde
391 1398 504 1468 brevem,
517 1400 649 1454 eimunne
662 1401 783 1469 Apolline
795 1400 907 1469 dignum

192 1467 240 1521 Via
252 1468 381 1549 complere
393 1467 467 1521 librie
479 1473 506 1522 et
518 1468 624 1522 vatibus
637 1468 732 1522 addere
744 1470 838 1537 celent,

192 1537 231 1590 Ut
242 1536 331 1590 studio
342 1537 440 1605 majore
486 1540 546 1590 tant
558 1537 688 1592 Helieone
699 1538 836 1592 virentem.

192 1605 282 1659 Multa
293 1603 400 1674 quidem
412 1621 446 1658 no
463 1606 486 1657 is
497 1605 610 1659 faeimns
621 1606 693 1661 mala
705 1623 774 1676 eaepe
785 1608 881 1676 politae,
893 1635 928 1646 -

192 1674 231 1728 Ut
239 1673 545 1743 vinetaegometeoedam
553 1692 654 1743 mea-,
662 1691 745 1744 quum
754 1675 804 1729 tibi
812 1676 910 1728 librum
934 1678 986 1729 220

192 1742 310 1797 Sollicito
322 1742 415 1796 damna
426 1747 474 1797 aut
485 1743 567 1809 feam
584 1760 669 1813 quum
680 1744 808 1813 laedimr,
820 1762 905 1797 unum

192 1810 221 1865 Si
233 1812 292 1881 quie
303 1812 448 1866 amicornm
459 1817 499 1866 est
511 1830 590 1867 ausus
601 1813 791 1883 reprehendere
802 1832 921 1879 versum

194 1879 282 1945 Quum
293 1881 351 1935 lect
358 1883 416 1951 jam
427 1882 539 1936 recitata
549 1883 708 1938 revolvimus
720 1884 857 1938 irreveetti
863 1903 871 1949 ;

194 1948 283 2014 Quum
294 1950 471 2004 lamentamur
482 1968 536 2005 nen
547 1968 673 2021 apparere
685 1952 786 2007 laborer

85 2015 86 2028 ¹
193 2017 301 2071 Nostrae
312 2025 341 2072 et
352 2019 427 2073 tenni
439 2019 553 2074 deducta
563 2023 688 2089 poemata
699 2020 759 2085 fi103

194 2086 285 2148 Quum
296 2103 429 2157 speramus
441 2104 471 2140 eo
482 2104 538 2141 rem
552 2093 699 2156 venturam,
711 2096 744 2143 ut
755 2088 833 2141 simul
846 2093 927 2157 atque

193 2154 317 2209 Carmina
327 2155 444 2208 rescieris
455 2172 503 2208 noe
513 2155 620 2223 fingere,
633 2156 783 2211 commodus
796 2157 865 2210 ultre

193 2224 315 2277 Areeeeae
326 2228 354 2277 et
365 2239 441 2291 egere
453 2228 525 2277 vetee
537 2230 565 2277 et
575 2224 687 2278 seribere
699 2242 783 2294 aegea

193 2291 245 2345 Sed
257 2297 347 2347 tamen
358 2295 398 2345 eet
410 2308 495 2360 operta
506 2292 623 2361 pretium
634 2310 795 2363 eognoscere,
808 2294 897 2364 quales

194 2361 317 2414 AEditnoe
328 2359 425 2414 habeat
437 2359 500 2414 belli
512 2366 631 2431 spectata
642 2362 766 2433 domique
937 2366 988 2417 230

196 2429 289 2483 Virtus
300 2428 410 2498 indigno
421 2446 475 2483 non
487 2430 676 2487 eommittenda
687 2433 781 2501 polita.

194 2498 292 2552 Gratus
304 2498 456 2553 Alexandro
468 2500 525 2583 regi
536 2499 566 2552 M
620 2518 636 2556 0
648 2501 701 2555 fuit
713 2500 759 2555 ille

194 2566 331 2635 (ilroerilne,
343 2567 452 2622 incultis
464 2586 511 2638 qur
523 2570 590 2623 verei
610 2587 640 2624 ua
652 2578 680 2625 et
691 2571 760 2625 male
772 2571 843 2625 natis

195 2635 313 2689 Rettulit
323 2643 451 2707 acceptae,
463 2639 552 2708 regale
563 2640 701 2705 nomisma,
713 2639 857 2722 Philippos.

194 2703 247 2758 see
258 2704 343 2759 veluti
354 2709 470 2760 tractata
480 2714 572 2762 notam
584 2709 723 2779 labemque
734 2712 876 2763 remittunt

195 2774 360 2841 atramenta,
372 2774 427 2828 lere
439 2775 576 2845 scriptores
588 2778 704 2831 carmine
715 2778 785 2833 fende

84 2851 88 2879 ι
195 2842 339 2912 Splendida
351 2841 423 2899 faeta
434 2843 531 2900 linunt.
568 2844 643 2900 idem
654 2862 702 2901 rex
714 2846 766 2913 illa,
779 2847 873 2915 peima

238 2927 304 2967 nen
598 2930 615 2975 Q
