2409 3317
455 323 652 379 oauumuu
670 324 725 377 111.
744 327 771 377 4.

325 424 414 476 Finire
426 429 586 493 quaerentsm
598 422 700 475 labores

359 493 445 545 Pierio
457 493 580 546 recreatis
591 498 676 544 antro.

291 562 342 613 Vos
354 561 412 614 lene
425 561 563 614 consilium
575 567 602 613 et
614 560 685 612 datis
696 565 724 612 et
736 555 799 613 dato

290 631 424 697 Gaudetis,
436 631 520 683 almae.
556 628 666 696 Scimus,
678 634 710 681 ut
722 629 817 698 impios

324 700 432 752 Titanas
443 700 639 767 immanemque
650 703 767 750 turmam

357 768 480 821 Fulmins
492 768 631 821 sustulerit
642 766 750 832 oudueo,

288 836 340 900 Qui
351 844 450 889 terram
462 837 581 903 inertem,
594 836 641 905 qui
652 852 725 888 mare
737 841 867 905 temperat

287 905 439 972 Ventosum,
452 911 479 958 et
491 904 567 958 urbes
579 920 712 973 regnoque
724 904 812 958 tristia

321 974 454 1043 Divosque
465 974 642 1041 mortalesque
654 969 752 1031 turbas«

356 1043 469 1111 Imperio
481 1043 550 1111 regit
563 1059 631 1094 uuus
643 1058 725 1109 aequo.

287 1111 419 1179 Magnum
431 1112 479 1164 illa
488 1118 613 1164 terrorem
625 1110 753 1165 intulerat
765 1110 786 1164 J
786 1112 830 1163 ovi

287 1180 383 1233 Fidens
392 1182 520 1249 juventus
531 1179 639 1232 horrida
650 1178 772 1247 brachiis,

320 1248 477 1317 Fratresque
489 1250 628 1302 tendentes
640 1265 721 1318 opaco

355 1316 447 1370 Pelion
458 1318 612 1386 imposuisse
625 1317 743 1385 Olympo.

286 1384 337 1435 Sed
349 1386 412 1453 quid
425 1385 564 1453 Typhoeus
575 1392 603 1437 et
615 1384 718 1438 validus
730 1382 827 1438 Mimas

286 1453 341 1504 Aut
354 1453 417 1532 quid
428 1453 527 1505 minaei
538 1448 703 1520 Porphyrion
715 1459 795 1518 statu,

320 1520 390 1583 Qud
403 1520 514 1573 Rhoetus
526 1520 676 1588 evulsisque
687 1520 788 1572 tumcis

355 1588 503 1642 Enceladus
511 1588 645 1657 jaculator
656 1586 746 1642 audax

285 1658 381 1711 Contra
393 1664 530 1711 sonantem
542 1656 660 1711 Palladis
671 1654 757 1727 segida

285 1726 395 1780 Possent
406 1726 529 1781 rueutssl
566 1724 638 1781 Hinc
650 1727 743 1781 avidus
756 1726 831 1781 stetit

319 1796 461 1864 Vulcanus,
474 1796 538 1851 hino
549 1803 670 1850 matrona
681 1796 754 1850 Juuo
766 1802 793 1850 et
862 1814 869 1825 ·

353 1866 498 1935 Nunquam
509 1866 625 1919 humeris
637 1866 769 1934 positurus
781 1884 879 1933 arcum,
981 1873 987 1887 '

283 1935 335 1999 Qui
347 1951 403 1988 rore
413 1953 481 2055 puro
494 1936 615 1989 Castaliae
627 1932 695 1988 lavit

284 2004 373 2055 Orines
385 2022 413 2056 so
424 2006 550 2125 umsfflm
562 2004 649 2073 Lyoioe
661 2011 735 2057 tenet

318 2072 434 2126 Dumeta
445 2090 480 2125 ua
519 2089 614 2140 emque
626 2073 728 2140 silvam,

351 2142 444 2194 Delius
456 2148 483 2193 et
495 2140 622 2195 Patareus
635 2140 736 2209 Apollo.

284 2208 331 2261 Vis
343 2209 435 2263 consili
449 2226 541 2278 expers
553 2209 622 2262 mole
632 2210 687 2261 ruit
699 2227 760 2274 sua;

284 2278 346 2331 Vim
359 2284 531 2347 temperatam
543 2278 579 2331 Di
592 2294 695 2346 quoque
707 2277 856 2347 provehunt

318 2348 351 2401 In
363 2350 464 2416 majus3
482 2346 552 2400 idem
564 2346 641 2399 odere
653 2346 721 2400 vires

352 2417 435 2470 Omne
447 2415 521 2469 nefas
532 2416 620 2469 auimo
632 2423 772 2471 moventes

282 2486 366 2539 uestis
378 2502 496 2539 mearum
507 2486 673 2538 centimanus
685 2486 770 2555 Gyas

282 2554 486 2621 Sententiarum,
498 2561 577 2607 notus
589 2562 617 2607 et
628 2555 739 2624 integrae

316 2624 442 2676 Ventutor
454 2622 533 2677 Orion
547 2624 651 2690 Diauae,

352 2690 478 2760 Virginea
489 2690 605 2745 domitus
617 2693 723 2760 sagitta

504 2846 601 2897 'Orsa
629 2846 688 2897 sisu
