2409 3317
239 374 274 422 94
450 392 453 398 ¹
556 368 708 423 HORdffl

342 480 403 535 Non
414 485 477 535 ente
488 479 611 550 vulgatas
619 498 671 563 per
681 484 751 533 ortes

375 550 461 604 Verbe
471 551 563 619 loquor
575 550 698 602 merenda
709 547 826 603 chordisz

304 618 330 670 N
331 636 372 687 on,
384 621 406 672 si
435 622 515 673 riores
527 619 655 672 Moeonius
667 624 741 671 tenet

303 687 382 741 Sedes
423 706 531 755 omerus,
544 688 691 740 Pindnn'eae
702 686 788 741 latent

343 757 451 827 Oooeque
463 764 490 811 et
502 758 585 810 Alcoei
596 757 712 809 minuees

372 826 565 895 Stesichorique
576 842 670 895 grnves
682 826 816 889 Comen&

303 896 367 963 Neo,
379 896 401 948 si
412 895 477 965 quid
489 895 552 948 olim
563 896 629 947 lusit
640 895 784 962 Anacreon,

303 966 408 1018 Delevit
421 970 497 1030 aetns5
515 966 597 1034 spiret
610 964 697 1016 ndhuo
708 980 782 1016 emor

337 1034 490 1103 vivuntque
502 1033 632 1087 commissi
643 1032 741 1085 colores

371 1102 462 1156 AEoliae
474 1103 571 1155 fidibus
582 1101 687 1171 puellus.

300 1171 326 1223 N
327 1188 361 1223 on
373 1172 427 1224 sols
438 1178 554 1240 comptos
566 1172 631 1224 ursit
643 1170 757 1225 adulteri

301 1240 390 1292 Orines
402 1246 429 1293 et
440 1258 535 1293 eurum
547 1239 664 1293 vestibus
674 1240 776 1292 illitum

281 1338 284 1349 ·
335 1308 435 1363 Misero
445 1309 595 1379 regalesque
608 1309 697 1362 cultus

369 1378 405 1431 Et
416 1379 523 1432 oomites
536 1378 639 1431 Helene
650 1377 770 1445 lmeaenn,

299 1447 436 1501 Primusve
449 1448 546 1501 Teneor
558 1448 613 1501 telo
625 1448 741 1517 Cydonio

299 1517 405 1569 Direxit
416 1534 495 1583 oreu3
512 1535 566 1571 non
578 1518 658 1569 semel
670 1517 733 1569 Ilios

334 1585 452 1651 Vexeto;
470 1604 523 1639 non
553 1586 666 1655 ugnnvit
677 1587 770 1653 ingens

367 1656 522 1708 Idomeneus
535 1605 708 1708 dehenelusve
719 1654 789 1707 solus

298 1723 416 1776 Dicenda
428 1724 512 1776 Musis
524 1724 617 1793 proelio
624 1742 631 1787 ;
649 1741 702 1776 non
714 1724 789 1775 ferox

299 1792 399 1844 Hector
410 1792 453 1844 vel
464 1810 524 1845 seer
535 1792 689 1862 Deiphobus
700 1809 794 1861 graves

332 1860 444 1929 Excepit
456 1861 525 1914 ictus
537 1879 584 1930 pro
596 1861 699 1930 pudicis

367 1930 526 1998 conjugibus
538 1931 677 1999 puerisque
688 1931 797 2000 primns.

298 1997 394 2051 Vixere
406 2000 486 2052 fortes
498 2006 560 2052 ante
573 2002 772 2068 Agamemnone

296 2066 378 2121 Multi
385 2087 393 2133 ;
411 2068 456 2121 sed
468 2086 556 2121 omnes
567 2069 762 2123 illeerimabiles

332 2137 466 2206 Urgentur
477 2138 615 2207 ignotique
627 2140 706 2208 longe

365 2208 457 2275 Nocte,
470 2215 561 2261 curent
573 2209 637 2277 quin
649 2216 709 2261 vate
721 2224 802 2262 seoro.

296 2276 421 2329 Paullum
434 2278 543 2346 sepultae
555 2279 638 2330 distat
650 2278 753 2330 inertiae

295 2345 386 2398 (lelutn
398 2347 488 2399 virtus.
524 2346 584 2399 Non
597 2364 645 2415 ego
657 2353 684 2399 te
695 2347 762 2398 meis

329 2414 434 2467 cnsrtis
445 2416 597 2468 inornatum
610 2414 697 2483 silebo,

364 2484 445 2535 Totve
457 2489 516 2535 tuos
528 2486 616 2551 patior
627 2484 727 2537 labores

295 2550 337 2601 Im
355 2568 415 2617 une,
429 2551 503 2617 Lolli,
516 2569 622 2621 carpere
633 2553 729 2605 lividas

296 2568 451 2670 obliviones.
487 2620 535 2671 Est
547 2622 651 2674 animus
662 2621 713 2673 tibi

329 2686 480 2753 Rerumque
492 2688 607 2755 prudens
619 2696 646 2742 et
659 2692 780 2743 secundis

363 2755 532 2822 Temporibus
545 2757 683 2826 dubiisque
693 2768 782 2813 rectus
788 2781 796 2825 3

295 2822 400 2875 Vindex
412 2840 497 2876 ovnrae
509 2825 610 2877 freudis
621 2832 649 2877 et
660 2826 796 2883 abstinens

294 2890 422 2944 Duoentis
433 2891 467 2942 ud
479 2909 507 2945 ee
518 2899 615 2945 ennete
625 2896 753 2963 pecnniae,
