2409 3317
422 354 620 409 CARMINUM
639 354 679 409 11.
697 358 774 411 5-7.

271 460 313 514 Sit
324 462 416 515 modus
428 462 496 516 lasso
507 464 587 517 meris
600 468 628 517 et
640 463 745 517 sienim

377 531 549 600 Militiaeque!

272 599 349 653 Unde
362 600 384 653 si
397 601 486 655 Poroae
499 599 640 671 prohibent
649 601 758 671 iniquoe,

271 668 356 723 Dulce
367 670 467 739 pellitis
479 670 571 723 ovibus
584 670 680 725 Gslaesi

271 737 383 791 Flumen
395 746 423 792 et
434 746 546 807 regnstn
557 746 649 809 petum
660 740 758 795 Inooni

376 808 448 861 Rura
460 808 599 863 Phalanto.

271 876 320 930 Illo
333 884 463 929 tenerum
475 878 541 929 mihi
553 884 650 947 preter
661 894 752 931 omnes

270 948 293 997 Δ
361 963 392 999 us
403 946 480 1013 ridet„
491 946 539 999 nbi
550 964 605 1001 non
617 947 746 1016 Hymetto

270 1014 315 1067 Me
326 1016 352 1068 ls
364 1015 497 1069 decedunt
509 1016 641 1085 viridique
652 1023 737 1070 certet

375 1084 462 1138 Bsoos
474 1084 597 1139 Venafro.

271 1152 324 1206 Ver
335 1153 382 1205 ubi
394 1155 504 1222 longum
515 1154 671 1224 tepidusque
701 1154 783 1208 roebet

270 1222 380 1293 Jupiter
391 1222 504 1291 brumes,
516 1230 544 1277 et
555 1226 657 1277 amiens
693 1224 758 1277 ulon

270 1291 363 1345 Fertili
375 1292 479 1345 Bnooho
491 1293 634 1347 mininmm
646 1292 765 1347 uotonis

374 1360 481 1414 Invidet
493 1362 559 1417 uvis.

269 1428 320 1480 Ille
331 1434 359 1479 to
372 1445 476 1481 mecum
487 1429 560 1481 loeus
573 1436 600 1481 et
612 1429 698 1481 bestoe

268 1495 410 1549 Postulont
422 1514 509 1561 arces;
527 1498 564 1548 ibi
576 1503 609 1547 tu
621 1495 751 1549 colentem

269 1563 366 1617 Debita
378 1582 390 1617 s
410 1581 485 1632 urges
496 1564 606 1618 lncrims
617 1563 739 1617 favillsm

400 1634 451 1687 stis
464 1633 549 1686 amici.

304 1852 454 1906 GARMEN
471 1852 608 1907 VIL-sn
621 1868 770 1907 nousnxnu
780 1869 888 1911 vunnu

269 1980 291 2032 0
304 1995 380 2033 snsn
392 1996 496 2035 mecum
508 1986 614 2062 tempus
625 1981 655 2033 in
666 1979 793 2035 ultimum

267 2048 387 2103 Dsduote
399 2049 483 2102 Bruto
495 2049 597 2103 milinae
610 2049 685 2117 duos,

302 2118 366 2182 Quis
379 2126 406 2171 te
417 2118 556 2171 redonavit
569 2119 700 2184 Quiritem

338 2187 388 2239 Dis
401 2188 494 2256 patriis
507 2188 630 2256 Italoque
642 2187 714 2254 caelo,

267 2254 376 2324 Pompei
387 2273 506 2309 meorum
517 2257 602 2324 prime
614 2255 762 2309 muniunt

267 2322 334 2375 Onm
346 2341 398 2394 quo
410 2331 558 2379 morantem
570 2341 639 2393 sepe
650 2324 721 2378 diem
732 2342 804 2381 moro

302 2393 339 2445 Fr
373 2394 380 2407 '
394 2400 533 2449 coronatus
544 2394 660 2449 nitentes

337 2412 504 2518 iiilobathro
516 2463 592 2534 Syrio
604 2464 720 2534 capillos

266 2531 365 2586 'Focum
377 2533 515 2605 Philippos
527 2540 555 2589 et
566 2533 678 2589 colerem
688 2535 783 2603 fugem

265 2600 340 2655 Sensi
352 2602 446 2659 relicte
457 2620 511 2657 non
522 2603 590 2657 bens
601 2604 731 2672 permulto

301 2672 390 2735 Quum
401 2674 488 2727 fracte
500 2673 586 2729 virtus
598 2680 627 2727 st
637 2673 754 2727 miniosa

336 2740 423 2810 Turpe
435 2742 520 2794 solum
532 2741 644 2809 tetigus-e
655 2748 753 2795 mento.

267 2806 319 2860 Sed
331 2825 373 2861 me
385 2826 432 2877 per
444 2810 531 2865 hostes
543 2810 691 2865 Merourim
702 2809 772 2863 oeler

265 2876 353 2930 Denso
365 2884 507 2945 paventem
518 2878 629 2933 sustulit
640 2881 702 2934 site
708 2897 717 2943 ;
