<?xml version="1.0" encoding="UTF-8"?>
<!DOCTYPE html PUBLIC "-//W3C//DTD XHTML 1.0 Transitional//EN"
    "http://www.w3.org/TR/xhtml1/DTD/xhtml1-transitional.dtd">
<html xmlns="http://www.w3.org/1999/xhtml" xml:lang="en" lang="en">
 <head>
  <title>
</title>
<meta http-equiv="Content-Type" content="text/html;charset=utf-8" />
  <meta name='ocr-system' content='tesseract 3.04.00' />
  <meta name='ocr-capabilities' content='ocr_page ocr_carea ocr_par ocr_line ocrx_word'/>
</head>
<body>
  <div class='ocr_page' id='page_1' title='image "./qhoratiiflaccio04flacgoog_0055.png"; bbox 0 0 2409 3317; ppageno 0'>
   <div class='ocr_carea' id='block_1_1' title="bbox 532 377 685 434">
    <p class='ocr_par' dir='ltr' id='par_1_1' title="bbox 532 377 685 434">
     <span class='ocr_line' id='line_1_1' title="bbox 532 377 685 434; baseline -0.02 0"><span class='ocrx_word' id='word_1_1' title='bbox 532 377 685 434; x_wconf 79' lang='lat' dir='ltr'>Houlun</span> 
     </span>
    </p>
   </div>
   <div class='ocr_carea' id='block_1_2' title="bbox 325 583 907 639">
    <p class='ocr_par' dir='ltr' id='par_1_2' title="bbox 325 583 907 639">
     <span class='ocr_line' id='line_1_2' title="bbox 325 583 907 639; baseline -0.002 -1"><span class='ocrx_word' id='word_1_2' title='bbox 325 583 474 639; x_wconf 78' lang='lat' dir='ltr'>CARMEN</span> <span class='ocrx_word' id='word_1_3' title='bbox 492 583 597 637; x_wconf 77' lang='lat' dir='ltr'>V.-·sn</span> <span class='ocrx_word' id='word_1_4' title='bbox 610 598 766 637; x_wconf 79' lang='lat' dir='ltr'>susrensu</span> <span class='ocrx_word' id='word_1_5' title='bbox 779 598 907 639; x_wconf 71' lang='lat' dir='ltr'>messes.</span> 
     </span>
    </p>
   </div>
   <div class='ocr_carea' id='block_1_3' title="bbox 283 693 840 2345">
    <p class='ocr_par' dir='ltr' id='par_1_3' title="bbox 283 693 840 2345">
     <span class='ocr_line' id='line_1_3' title="bbox 289 693 805 763; baseline 0 -16"><span class='ocrx_word' id='word_1_6' title='bbox 289 695 414 749; x_wconf 76' lang='lat' dir='ltr'>Nounuu</span> <span class='ocrx_word' id='word_1_7' title='bbox 427 694 535 747; x_wconf 85' lang='lat' dir='ltr'>subeeta</span> <span class='ocrx_word' id='word_1_8' title='bbox 546 694 615 747; x_wconf 81' lang='lat' dir='ltr'>ferre</span> <span class='ocrx_word' id='word_1_9' title='bbox 623 696 721 763; x_wconf 79' lang='lat' dir='ltr'>jugum</span> <span class='ocrx_word' id='word_1_10' title='bbox 733 693 805 748; x_wconf 77' lang='lat' dir='ltr'>valet</span> 
     </span>
     <span class='ocr_line' id='line_1_4' title="bbox 290 762 776 831; baseline -0.008 -13"><span class='ocrx_word' id='word_1_11' title='bbox 290 764 404 831; x_wconf 85' lang='lat' dir='ltr'>Cerviee,</span> <span class='ocrx_word' id='word_1_12' title='bbox 416 763 533 817; x_wconf 86' lang='lat' dir='ltr'>nondum</span> <span class='ocrx_word' id='word_1_13' title='bbox 544 763 637 815; x_wconf 79' lang='lat' dir='ltr'>munia</span> <span class='ocrx_word' id='word_1_14' title='bbox 648 762 776 831; x_wconf 83' lang='lat' dir='ltr'>comperis</span> 
     </span>
     <span class='ocr_line' id='line_1_5' title="bbox 323 832 695 902; baseline -0.005 -16"><span class='ocrx_word' id='word_1_15' title='bbox 323 832 447 902; x_wconf 75' lang='lat' dir='ltr'>AElquere,</span> <span class='ocrx_word' id='word_1_16' title='bbox 455 851 503 889; x_wconf 87' lang='lat' dir='ltr'>nee</span> <span class='ocrx_word' id='word_1_17' title='bbox 511 833 583 886; x_wconf 81' lang='lat' dir='ltr'>tauri</span> <span class='ocrx_word' id='word_1_18' title='bbox 594 833 695 885; x_wconf 86' lang='lat' dir='ltr'>ruentis</span> 
     </span>
     <span class='ocr_line' id='line_1_6' title="bbox 359 900 779 969; baseline -0.005 -13"><span class='ocrx_word' id='word_1_19' title='bbox 359 902 392 955; x_wconf 93' lang='lat' dir='ltr'>In</span> <span class='ocrx_word' id='word_1_20' title='bbox 405 903 534 956; x_wconf 80' lang='lat' dir='ltr'>Venerem</span> <span class='ocrx_word' id='word_1_21' title='bbox 546 900 657 954; x_wconf 77' lang='lat' dir='ltr'>tolerare</span> <span class='ocrx_word' id='word_1_22' title='bbox 668 900 779 969; x_wconf 83' lang='lat' dir='ltr'>pondus.</span> 
     </span>
     <span class='ocr_line' id='line_1_7' title="bbox 290 971 724 1025; baseline 0 -1"><span class='ocrx_word' id='word_1_23' title='bbox 290 971 365 1024; x_wconf 83' lang='lat' dir='ltr'>Circe</span> <span class='ocrx_word' id='word_1_24' title='bbox 376 972 491 1025; x_wconf 77' lang='lat' dir='ltr'>virentes</span> <span class='ocrx_word' id='word_1_25' title='bbox 502 977 543 1025; x_wconf 85' lang='lat' dir='ltr'>est</span> <span class='ocrx_word' id='word_1_26' title='bbox 554 972 658 1023; x_wconf 82' lang='lat' dir='ltr'>animus</span> <span class='ocrx_word' id='word_1_27' title='bbox 670 976 724 1024; x_wconf 77' lang='lat' dir='ltr'>tuae</span> 
     </span>
     <span class='ocr_line' id='line_1_8' title="bbox 289 1040 840 1109; baseline -0.005 -15"><span class='ocrx_word' id='word_1_28' title='bbox 289 1042 401 1109; x_wconf 76' lang='lat' dir='ltr'>esmpos</span> <span class='ocrx_word' id='word_1_29' title='bbox 408 1044 538 1109; x_wconf 72' lang='lat' dir='ltr'>juvence,</span> <span class='ocrx_word' id='word_1_30' title='bbox 549 1054 622 1092; x_wconf 82' lang='lat' dir='ltr'>nune</span> <span class='ocrx_word' id='word_1_31' title='bbox 633 1040 721 1091; x_wconf 82' lang='lat' dir='ltr'>fluviis</span> <span class='ocrx_word' id='word_1_32' title='bbox 732 1054 840 1106; x_wconf 70' lang='lat' dir='ltr'>gravem</span> 
     </span>
     <span class='ocr_line' id='line_1_9' title="bbox 323 1108 741 1174; baseline -0.005 -13"><span class='ocrx_word' id='word_1_33' title='bbox 323 1109 438 1161; x_wconf 74' lang='lat' dir='ltr'>solentis</span> <span class='ocrx_word' id='word_1_34' title='bbox 450 1117 551 1174; x_wconf 83' lang='lat' dir='ltr'>aestum,</span> <span class='ocrx_word' id='word_1_35' title='bbox 564 1108 677 1161; x_wconf 76' lang='lat' dir='ltr'>nuncin</span> <span class='ocrx_word' id='word_1_36' title='bbox 689 1108 741 1159; x_wconf 90' lang='lat' dir='ltr'>udo</span> 
     </span>
     <span class='ocr_line' id='line_1_10' title="bbox 358 1174 740 1229; baseline 0.003 -2"><span class='ocrx_word' id='word_1_37' title='bbox 358 1174 460 1227; x_wconf 81' lang='lat' dir='ltr'>Ludere</span> <span class='ocrx_word' id='word_1_38' title='bbox 471 1192 532 1229; x_wconf 87' lang='lat' dir='ltr'>eum</span> <span class='ocrx_word' id='word_1_39' title='bbox 544 1176 637 1227; x_wconf 84' lang='lat' dir='ltr'>vitulis</span> <span class='ocrx_word' id='word_1_40' title='bbox 649 1178 740 1228; x_wconf 76' lang='lat' dir='ltr'>salicto</span> 
     </span>
     <span class='ocr_line' id='line_1_11' title="bbox 289 1242 763 1311; baseline 0 -16"><span class='ocrx_word' id='word_1_41' title='bbox 289 1242 492 1309; x_wconf 80' lang='lat' dir='ltr'>Praegestientis.</span> <span class='ocrx_word' id='word_1_42' title='bbox 528 1243 600 1295; x_wconf 77' lang='lat' dir='ltr'>Tolle</span> <span class='ocrx_word' id='word_1_43' title='bbox 613 1244 763 1311; x_wconf 83' lang='lat' dir='ltr'>cupidinem</span> 
     </span>
     <span class='ocr_line' id='line_1_12' title="bbox 289 1310 728 1379; baseline -0.005 -14"><span class='ocrx_word' id='word_1_44' title='bbox 289 1311 403 1365; x_wconf 85' lang='lat' dir='ltr'><strong>Immitis</strong></span> <span class='ocrx_word' id='word_1_45' title='bbox 414 1328 489 1365; x_wconf 82' lang='lat' dir='ltr'>ures:</span> <span class='ocrx_word' id='word_1_46' title='bbox 503 1313 560 1379; x_wconf 78' lang='lat' dir='ltr'>jem</span> <span class='ocrx_word' id='word_1_47' title='bbox 572 1310 621 1363; x_wconf 81' lang='lat' dir='ltr'>tibi</span> <span class='ocrx_word' id='word_1_48' title='bbox 634 1311 728 1364; x_wconf 87' lang='lat' dir='ltr'>lividos</span> 
     </span>
     <span class='ocr_line' id='line_1_13' title="bbox 321 1378 762 1448; baseline 0.005 -16"><span class='ocrx_word' id='word_1_49' title='bbox 321 1378 474 1448; x_wconf 80' lang='lat' dir='ltr'>Distinguet</span> <span class='ocrx_word' id='word_1_50' title='bbox 486 1384 637 1433; x_wconf 77' lang='lat' dir='ltr'>Autumnus</span> <span class='ocrx_word' id='word_1_51' title='bbox 648 1395 762 1434; x_wconf 70' lang='lat' dir='ltr'>racemus</span> 
     </span>
     <span class='ocr_line' id='line_1_14' title="bbox 359 1445 695 1516; baseline 0.006 -18"><span class='ocrx_word' id='word_1_52' title='bbox 359 1445 493 1516; x_wconf 78' lang='lat' dir='ltr'>Purpureo</span> <span class='ocrx_word' id='word_1_53' title='bbox 504 1446 592 1500; x_wconf 79' lang='lat' dir='ltr'>verius</span> <span class='ocrx_word' id='word_1_54' title='bbox 604 1446 695 1500; x_wconf 84' lang='lat' dir='ltr'>colore.</span> 
     </span>
     <span class='ocr_line' id='line_1_15' title="bbox 287 1513 809 1583; baseline 0.004 -16"><span class='ocrx_word' id='word_1_55' title='bbox 287 1513 351 1567; x_wconf 83' lang='lat' dir='ltr'>Jsm</span> <span class='ocrx_word' id='word_1_56' title='bbox 363 1520 390 1568; x_wconf 87' lang='lat' dir='ltr'>te</span> <span class='ocrx_word' id='word_1_57' title='bbox 403 1523 538 1583; x_wconf 83' lang='lat' dir='ltr'>sequetur:</span> <span class='ocrx_word' id='word_1_58' title='bbox 557 1517 640 1568; x_wconf 80' lang='lat' dir='ltr'>currit</span> <span class='ocrx_word' id='word_1_59' title='bbox 652 1518 723 1568; x_wconf 89' lang='lat' dir='ltr'>enim</span> <span class='ocrx_word' id='word_1_60' title='bbox 733 1516 809 1569; x_wconf 87' lang='lat' dir='ltr'>ferox</span> 
     </span>
     <span class='ocr_line' id='line_1_16' title="bbox 287 1582 760 1654; baseline 0.008 -19"><span class='ocrx_word' id='word_1_61' title='bbox 287 1583 363 1636; x_wconf 82' lang='lat' dir='ltr'>AEtas</span> <span class='ocrx_word' id='word_1_62' title='bbox 375 1592 401 1638; x_wconf 84' lang='lat' dir='ltr'>et</span> <span class='ocrx_word' id='word_1_63' title='bbox 413 1584 461 1651; x_wconf 92' lang='lat' dir='ltr'>illi,</span> <span class='ocrx_word' id='word_1_64' title='bbox 474 1603 538 1654; x_wconf 86' lang='lat' dir='ltr'>quos</span> <span class='ocrx_word' id='word_1_65' title='bbox 548 1582 599 1641; x_wconf 85' lang='lat' dir='ltr'>tibi</span> <span class='ocrx_word' id='word_1_66' title='bbox 611 1585 760 1654; x_wconf 82' lang='lat' dir='ltr'>dempserit,</span> 
     </span>
     <span class='ocr_line' id='line_1_17' title="bbox 321 1652 798 1777; baseline 0.006 -4"><span class='ocrx_word' id='word_1_67' title='bbox 321 1652 625 1776; x_wconf 52' lang='lat' dir='ltr'>Alllldffllssilllm</span> <span class='ocrx_word' id='word_1_68' title='bbox 637 1662 798 1777; x_wconf 54' lang='lat' dir='ltr'>‘&#39;ffirm-</span> 
     </span>
     <span class='ocr_line' id='line_1_18' title="bbox 286 1740 821 1861; baseline 0.007 -20"><span class='ocrx_word' id='word_1_69' title='bbox 286 1788 397 1856; x_wconf 84' lang='lat' dir='ltr'>Dileete,</span> <span class='ocrx_word' id='word_1_70' title='bbox 410 1740 541 1858; x_wconf 67' lang='lat' dir='ltr'>queiiium</span> <span class='ocrx_word' id='word_1_71' title='bbox 553 1740 717 1846; x_wconf 48' lang='lat' dir='ltr'>nonflleholoe</span> <span class='ocrx_word' id='word_1_72' title='bbox 729 1794 821 1861; x_wconf 81' lang='lat' dir='ltr'>fugex,</span> 
     </span>
     <span class='ocr_line' id='line_1_19' title="bbox 289 1859 809 1929; baseline 0.008 -20"><span class='ocrx_word' id='word_1_73' title='bbox 289 1859 348 1911; x_wconf 86' lang='lat' dir='ltr'>Non</span> <span class='ocrx_word' id='word_1_74' title='bbox 361 1860 461 1913; x_wconf 83' lang='lat' dir='ltr'>Chloris</span> <span class='ocrx_word' id='word_1_75' title='bbox 473 1861 532 1914; x_wconf 87' lang='lat' dir='ltr'>elbo</span> <span class='ocrx_word' id='word_1_76' title='bbox 545 1862 581 1913; x_wconf 85' lang='lat' dir='ltr'>sie</span> <span class='ocrx_word' id='word_1_77' title='bbox 593 1860 702 1915; x_wconf 88' lang='lat' dir='ltr'>humero</span> <span class='ocrx_word' id='word_1_78' title='bbox 713 1863 809 1929; x_wconf 88' lang='lat' dir='ltr'>nitens,</span> 
     </span>
     <span class='ocr_line' id='line_1_20' title="bbox 321 1928 692 1997; baseline 0.008 -17"><span class='ocrx_word' id='word_1_79' title='bbox 321 1928 358 1981; x_wconf 89' lang='lat' dir='ltr'>Ut</span> <span class='ocrx_word' id='word_1_80' title='bbox 370 1946 437 1997; x_wconf 79' lang='lat' dir='ltr'>pure</span> <span class='ocrx_word' id='word_1_81' title='bbox 449 1938 577 1983; x_wconf 86' lang='lat' dir='ltr'>nocturno</span> <span class='ocrx_word' id='word_1_82' title='bbox 588 1930 692 1983; x_wconf 89' lang='lat' dir='ltr'>renidet</span> 
     </span>
     <span class='ocr_line' id='line_1_21' title="bbox 354 1998 774 2068; baseline 0 -17"><span class='ocrx_word' id='word_1_83' title='bbox 354 1998 430 2051; x_wconf 60' lang='lat' dir='ltr'>Ituna</span> <span class='ocrx_word' id='word_1_84' title='bbox 440 1999 516 2066; x_wconf 86' lang='lat' dir='ltr'>meri,</span> <span class='ocrx_word' id='word_1_85' title='bbox 528 2000 668 2053; x_wconf 79' lang='lat' dir='ltr'>Cnidiusve</span> <span class='ocrx_word' id='word_1_86' title='bbox 681 2000 774 2068; x_wconf 80' lang='lat' dir='ltr'>Gyges,</span> 
     </span>
     <span class='ocr_line' id='line_1_22' title="bbox 285 2066 797 2136; baseline 0.002 -18"><span class='ocrx_word' id='word_1_87' title='bbox 285 2066 368 2130; x_wconf 77' lang='lat' dir='ltr'>Quem</span> <span class='ocrx_word' id='word_1_88' title='bbox 381 2067 403 2119; x_wconf 87' lang='lat' dir='ltr'>si</span> <span class='ocrx_word' id='word_1_89' title='bbox 415 2067 562 2136; x_wconf 78' lang='lat' dir='ltr'>puellarum</span> <span class='ocrx_word' id='word_1_90' title='bbox 574 2070 699 2121; x_wconf 86' lang='lat' dir='ltr'>insereres</span> <span class='ocrx_word' id='word_1_91' title='bbox 711 2068 797 2135; x_wconf 87' lang='lat' dir='ltr'>choro,</span> 
     </span>
     <span class='ocr_line' id='line_1_23' title="bbox 283 2134 712 2206; baseline 0.005 -19"><span class='ocrx_word' id='word_1_92' title='bbox 283 2134 352 2188; x_wconf 88' lang='lat' dir='ltr'>Mire</span> <span class='ocrx_word' id='word_1_93' title='bbox 364 2154 470 2205; x_wconf 79' lang='lat' dir='ltr'>ssgsees</span> <span class='ocrx_word' id='word_1_94' title='bbox 481 2138 584 2191; x_wconf 77' lang='lat' dir='ltr'>falleret</span> <span class='ocrx_word' id='word_1_95' title='bbox 596 2138 712 2206; x_wconf 82' lang='lat' dir='ltr'>hospites</span> 
     </span>
     <span class='ocr_line' id='line_1_24' title="bbox 317 2204 721 2260; baseline 0.005 -4"><span class='ocrx_word' id='word_1_96' title='bbox 317 2204 465 2259; x_wconf 82' lang='lat' dir='ltr'>Discrimen</span> <span class='ocrx_word' id='word_1_97' title='bbox 477 2206 616 2260; x_wconf 81' lang='lat' dir='ltr'>obscurum</span> <span class='ocrx_word' id='word_1_98' title='bbox 628 2207 721 2259; x_wconf 84' lang='lat' dir='ltr'>solutis</span> 
     </span>
     <span class='ocr_line' id='line_1_25' title="bbox 355 2275 760 2345; baseline -0.002 -17"><span class='ocrx_word' id='word_1_99' title='bbox 355 2275 475 2329; x_wconf 81' lang='lat' dir='ltr'>Crinibus</span> <span class='ocrx_word' id='word_1_100' title='bbox 487 2276 662 2345; x_wconf 78' lang='lat' dir='ltr'>ambiguoque</span> <span class='ocrx_word' id='word_1_101' title='bbox 675 2276 760 2328; x_wconf 85' lang='lat' dir='ltr'>vultu.</span> 
     </span>
    </p>
   </div>
   <div class='ocr_carea' id='block_1_4' title="bbox 374 2440 842 2497">
    <p class='ocr_par' dir='ltr' id='par_1_4' title="bbox 374 2440 842 2497">
     <span class='ocr_line' id='line_1_26' title="bbox 374 2440 842 2497; baseline 0.004 -3"><span class='ocrx_word' id='word_1_102' title='bbox 374 2440 523 2495; x_wconf 78' lang='lat' dir='ltr'>CARMEN</span> <span class='ocrx_word' id='word_1_103' title='bbox 542 2442 663 2495; x_wconf 72' lang='lat' dir='ltr'>VL-ss</span> <span class='ocrx_word' id='word_1_104' title='bbox 675 2457 842 2497; x_wconf 73' lang='lat' dir='ltr'>susumus.</span> 
     </span>
    </p>
   </div>
   <div class='ocr_carea' id='block_1_5' title="bbox 280 2547 912 2968">
    <p class='ocr_par' dir='ltr' id='par_1_5' title="bbox 281 2547 780 2613">
     <span class='ocr_line' id='line_1_27' title="bbox 281 2547 780 2613; baseline 0.008 -12"><span class='ocrx_word' id='word_1_105' title='bbox 281 2547 410 2613; x_wconf 80' lang='lat' dir='ltr'>Serrnsr,</span> <span class='ocrx_word' id='word_1_106' title='bbox 423 2548 509 2603; x_wconf 73' lang='lat' dir='ltr'>Gades</span> <span class='ocrx_word' id='word_1_107' title='bbox 520 2550 625 2602; x_wconf 76' lang='lat' dir='ltr'>aditure</span> <span class='ocrx_word' id='word_1_108' title='bbox 637 2568 741 2604; x_wconf 86' lang='lat' dir='ltr'>mecum</span> <span class='ocrx_word' id='word_1_109' title='bbox 753 2560 780 2605; x_wconf 83' lang='lat' dir='ltr'>et</span> 
     </span>
    </p>

    <p class='ocr_par' dir='ltr' id='par_1_6' title="bbox 281 2616 887 2688">
     <span class='ocr_line' id='line_1_28' title="bbox 281 2616 887 2688; baseline 0.015 -19"><span class='ocrx_word' id='word_1_110' title='bbox 281 2616 442 2670; x_wconf 74' lang='lat' dir='ltr'>Cantabrum</span> <span class='ocrx_word' id='word_1_111' title='bbox 454 2616 590 2671; x_wconf 83' lang='lat' dir='ltr'>indoctum</span> <span class='ocrx_word' id='word_1_112' title='bbox 599 2622 667 2688; x_wconf 75' lang='lat' dir='ltr'>juge</span> <span class='ocrx_word' id='word_1_113' title='bbox 678 2621 746 2674; x_wconf 78' lang='lat' dir='ltr'>ferre</span> <span class='ocrx_word' id='word_1_114' title='bbox 758 2630 846 2677; x_wconf 79' lang='lat' dir='ltr'>nostre</span> <span class='ocrx_word' id='word_1_115' title='bbox 859 2631 887 2678; x_wconf 87' lang='lat' dir='ltr'>et</span> 
     </span>
    </p>

    <p class='ocr_par' dir='ltr' id='par_1_7' title="bbox 280 2683 912 2822">
     <span class='ocr_line' id='line_1_29' title="bbox 280 2683 800 2761; baseline 0.017 -25"><span class='ocrx_word' id='word_1_116' title='bbox 280 2683 410 2738; x_wconf 80' lang='lat' dir='ltr'>Berberes</span> <span class='ocrx_word' id='word_1_117' title='bbox 422 2685 519 2755; x_wconf 79' lang='lat' dir='ltr'>Syrtes,</span> <span class='ocrx_word' id='word_1_118' title='bbox 531 2687 577 2741; x_wconf 88' lang='lat' dir='ltr'>ubi</span> <span class='ocrx_word' id='word_1_119' title='bbox 590 2688 686 2742; x_wconf 82' lang='lat' dir='ltr'>Maure</span> <span class='ocrx_word' id='word_1_120' title='bbox 698 2707 800 2761; x_wconf 89' lang='lat' dir='ltr'>semper</span> 
     </span>
     <span class='ocr_line' id='line_1_30' title="bbox 384 2755 912 2822; baseline 0.009 -15"><span class='ocrx_word' id='word_1_121' title='bbox 384 2755 491 2809; x_wconf 81' lang='lat' dir='ltr'>AEstust</span> <span class='ocrx_word' id='word_1_122' title='bbox 502 2758 576 2810; x_wconf 84' lang='lat' dir='ltr'>undu</span> <span class='ocrx_word' id='word_1_123' title='bbox 582 2777 590 2822; x_wconf 90' lang='lat'>;</span> <span class='ocrx_word' id='word_1_124' title='bbox 907 2784 912 2791; x_wconf 81' lang='grc'><em>·</em></span> 
     </span>
    </p>

    <p class='ocr_par' dir='ltr' id='par_1_8' title="bbox 280 2820 690 2893">
     <span class='ocr_line' id='line_1_31' title="bbox 280 2820 690 2893; baseline 0.02 -19"><span class='ocrx_word' id='word_1_125' title='bbox 280 2820 361 2875; x_wconf 74' lang='lat' dir='ltr'>uibar</span> <span class='ocrx_word' id='word_1_126' title='bbox 373 2823 459 2893; x_wconf 81' lang='lat' dir='ltr'>Argeo</span> <span class='ocrx_word' id='word_1_127' title='bbox 470 2826 586 2893; x_wconf 80' lang='lat' dir='ltr'>positum</span> <span class='ocrx_word' id='word_1_128' title='bbox 599 2828 690 2882; x_wconf 82' lang='lat' dir='ltr'>colono</span> 
     </span>
    </p>

    <p class='ocr_par' dir='ltr' id='par_1_9' title="bbox 280 2890 731 2968">
     <span class='ocr_line' id='line_1_32' title="bbox 280 2890 731 2968; baseline 0.024 -25"><span class='ocrx_word' id='word_1_129' title='bbox 280 2890 321 2945; x_wconf 82' lang='lat' dir='ltr'>Sit</span> <span class='ocrx_word' id='word_1_130' title='bbox 332 2910 398 2947; x_wconf 81' lang='lat' dir='ltr'>meae</span> <span class='ocrx_word' id='word_1_131' title='bbox 410 2894 482 2949; x_wconf 89' lang='lat' dir='ltr'>sedes</span> <span class='ocrx_word' id='word_1_132' title='bbox 494 2895 599 2950; x_wconf 76' lang='lat' dir='ltr'>utinam</span> <span class='ocrx_word' id='word_1_133' title='bbox 611 2906 731 2968; x_wconf 85' lang='lat' dir='ltr'>seneetse,</span> 
     </span>
    </p>
   </div>
   <div class='ocr_carea' id='block_1_6' title="bbox 0 0 1210 3317">
    <p class='ocr_par' dir='ltr' id='par_1_10' title="bbox 0 0 1210 3317">
     <span class='ocr_line' id='line_1_33' title="bbox 0 0 1210 3317; baseline 0 4"><span class='ocrx_word' id='word_1_134' title='bbox 0 0 1210 3317; x_wconf 95' lang='lat' dir='ltr'> </span> 
     </span>
    </p>
   </div>
  </div>
 </body>
</html>
