2409 3317
425 330 571 385 EPODON
590 329 696 383 OARM.
716 330 758 385 17.
943 336 997 391 12³·

272 440 407 511 Injuriosis
418 441 508 497 aridus
519 440 607 495 ventis
617 440 693 508 feru,

272 509 345 563 Cales
356 511 465 563 venenis
475 510 580 565 officina
592 510 727 565 Colchicis

272 578 335 642 Quae
346 578 408 631 finis
418 585 468 633 aut
479 579 549 648 quod
560 596 603 632 me
614 585 706 633 manet
717 577 879 647 stipendium
885 580 895 634 't

272 646 371 700 Effare:
385 649 472 717 jussas
484 665 547 701 cum
557 647 611 701 fide
621 664 712 716 poenas
722 648 805 715 luem,

272 715 385 771 Paratus
396 716 510 784 expiare,
522 734 569 771 seu
580 717 727 785 poposceris

273 784 385 838 (lentum
393 787 528 854 juvencos,
541 784 596 838 sive
606 785 728 839 mendaci
739 784 799 853 lyra
894 788 900 801 ‘

272 853 350 906 Voles
362 852 462 907 sonari:
480 860 512 907 tu
523 854 765 923 pudicatuproba
960 856 995 905 40

272 920 469 975 Perambulabis
481 928 552 977 astra
564 922 637 975 sidus
648 940 766 977 aureum.

273 991 384 1045 Infamis
396 990 506 1045 Helenes
517 991 609 1045 Cestos
619 991 732 1045 offensus
743 991 809 1059 vice

272 1059 416 1128 Fratsrque
427 1060 519 1127 magni
531 1060 654 1123 Castoris,
664 1060 730 1113 victi
741 1078 817 1129 prees

273 1129 405 1198 Adempta
416 1128 473 1182 voti
484 1129 623 1183 reddidere
632 1129 742 1185 lomina

272 1198 308 1250 Et
319 1204 358 1263 tu,
370 1203 444 1267 potes
455 1215 527 1265 nam,
538 1198 609 1253 solve
619 1215 663 1253 me
675 1198 815 1266 dementia,

274 1266 355 1319 Onec
367 1267 483 1335 paternis
495 1267 611 1320 obsoleta
622 1267 748 1335 sordibus,

273 1335 366 1402 Neque
377 1335 406 1387 in
419 1335 563 1402 sepulchris
575 1353 628 1403 pau
694 1353 721 1386 m
732 1335 847 1405 prudens
858 1353 926 1389 anus

273 1402 448 1455 Nouendiales
460 1402 585 1470 dissipare
597 1421 616 1471 p
646 1420 724 1456 seres.

273 1469 333 1521 sibi
344 1469 473 1538 hospitale
484 1476 577 1539 pectus
589 1477 617 1522 et
628 1487 701 1539 purae
712 1488 814 1540 manus,

273 1538 397 1606 Tuusquo
408 1545 500 1591 venter
512 1538 687 1606 Pactumeius,
700 1546 727 1592 et
739 1547 787 1592 tuo
959 1545 994 1595 60

274 1607 370 1659 Cruore
382 1606 473 1659 rubros
485 1607 613 1660 obstetrix
624 1625 725 1677 pannos
737 1609 811 1677 lavit,

274 1677 417 1744 Utcunque
428 1676 503 1729 fortis
515 1677 606 1729 exsilis
617 1694 669 1746 pue

301 1746 364 1801 Ouo.
402 1745 471 1811 Quid
483 1744 609 1797 obseratis
620 1695 831 1800 aurllfflmdis
844 1764 931 1818 preces
942 1750 953 1801 l

273 1814 334 1867 Non
346 1829 410 1867 saxa
421 1813 501 1866 nudis
513 1814 632 1866 surdiora
642 1814 741 1867 navitis

273 1883 415 1952 Neptunus
426 1882 481 1935 alto
493 1882 584 1935 tundit
595 1882 720 1936 bibemus
732 1883 794 1951 salo,

274 1952 379 2004 Inultus
390 1957 423 2004 ut
434 1956 466 2004 tu
476 1952 563 2004 siseris
576 1952 624 2005 (lot
643 1952 694 2005 ttia

274 2021 298 2072 V
362 2026 398 2086 ta,
411 2036 514 2072 sacrum
525 2019 602 2073 liberi
654 2020 759 2089 pidinis,

274 2089 310 2141 Et
346 2088 453 2156 squilini
498 2088 586 2141 ntiiex
597 2089 709 2142 venefici

275 2158 387 2237 Impune
398 2163 430 2208 ut
466 2156 539 2209 rbem
550 2158 657 2209 nomine
668 2157 786 2226 impleris
797 2157 873 2211 meol

275 2225 345 2290 Qud
357 2225 479 2293 proderat
491 2225 587 2278 ditasse
600 2225 723 2293 Pelignas
735 2243 808 2293 enus,
963 2230 998 2281 60

275 2294 430 2348 velociusve
441 2294 575 2347 miscuisse
588 2293 723 2347 toxicuml

275 2363 326 2417 Sed
338 2362 454 2416 tardiora
465 2364 522 2416 fata
534 2369 561 2416 ts
573 2363 641 2416 votis
651 2370 775 2420 manent:

276 2434 386 2501 Ingrata
397 2432 491 2486 misero
502 2432 560 2485 vita
571 2432 692 2486 ducende
704 2439 743 2486 est
755 2433 784 2485 in
795 2432 852 2501 boc,

275 2502 357 2555 Novis
368 2507 400 2554 ut
412 2518 495 2570 usque
507 2507 632 2623 uffpetas
644 2502 783 2555 laboribus

276 2570 359 2639 Optat
371 2572 488 2639 quietem
499 2571 522 2623 P
547 2571 603 2640 opis
615 2570 691 2623 infidi
702 2579 779 2640 pater

276 2639 364 2707 Egens
375 2638 497 2707 benignae
508 2640 637 2693 Tantalus
648 2656 751 2709 semper
762 2640 845 2710 dapis,

277 2708 360 2777 Optat
372 2707 543 2761 Prometheus
555 2708 687 2778 obligatus
698 2708 765 2776 oliti,

278 2777 360 2845 Optat
372 2793 491 2845 supremo
503 2777 629 2830 collocare
640 2776 768 2845 Sisyphus

278 2846 311 2898 In
322 2852 413 2899 monte
424 2862 533 2911 saxum
551 2846 596 2899 sed
608 2852 701 2900 vetant
712 2846 783 2913 leges
795 2845 815 2899 J
815 2844 877 2898 ovis.
