2409 3317
549 378 705 433 nonum

531 536 660 635 surum
678 580 724 633 VI.

236 691 297 744 Hoc
309 694 366 743 erat
377 689 407 742 in
418 688 500 743 votis:
517 689 611 743 modus
623 688 681 757 agri
691 705 745 742 non
756 688 796 742 itt
807 706 928 758 magnus,

236 760 337 814 Hortus
349 759 396 811 ubi
407 766 434 811 et
446 764 517 811 tecto
528 759 632 812 vicinus
640 758 713 827 jugis
725 774 802 827 aquae
813 758 873 811 fons

235 828 271 882 Et
282 828 404 897 paullum
415 828 488 880 silrae
501 844 580 897 super
590 827 633 879 his
644 826 719 880 soret.
754 828 866 879 Auctius
878 833 960 895 atquc

235 896 272 951 Di
284 897 379 950 melius
390 898 481 951 fecere
517 896 589 949 Bene
601 902 648 949 est.
683 896 729 949 Nil
741 895 855 965 amplius
867 913 918 963 oro,

235 966 309 1020 Maia
321 971 391 1033 nate,
403 965 454 1018 nisi
466 971 500 1018 ιιι
510 965 616 1034 proprie
627 964 685 1017 haec
696 965 763 1017 mihi
774 981 886 1018 munera
897 965 978 1018 faxis.

237 1032 265 1088 Si
277 1051 362 1103 neque
373 1037 498 1103 majorem
510 1034 562 1087 feci
573 1034 676 1088 ratione
687 1034 758 1087 mala
770 1050 827 1086 rem

235 1103 292 1156 Nec
304 1120 365 1155 sum
374 1104 494 1156 factunm
507 1102 573 1156 vitio
585 1102 696 1171 culpave
707 1103 837 1155 minorem
844 1120 851 1166 ;

237 1170 266 1223 si
277 1189 386 1225 veneror
397 1173 497 1226 stultus
507 1172 576 1224 nihil
588 1170 683 1223 horum
695 1188 702 1224 ι
721 1172 768 1224 “0
781 1172 804 1223 si
816 1170 931 1239 angulus
942 1169 990 1223 ills

236 1237 377 1293 Proximus
388 1242 503 1308 accedat,
516 1240 562 1309 qui
574 1256 648 1293 nunc
662 1240 801 1293 denormat
813 1240 929 1309 agellum
941 1240 966 1291 !”

234 1307 278 1361 “0
286 1310 308 1361 si
315 1326 411 1363 urnam
420 1310 524 1377 argenti
532 1310 585 1362 fors
594 1324 654 1377 quae
662 1308 729 1361 mihi
739 1313 880 1365 monstret!
899 1316 931 1361 ut
938 1306 987 1375 illi,
1002 1312 1039 1360 10

237 1375 371 1429 Thesauro
382 1375 492 1428 invento
504 1376 550 1444 qui
561 1378 736 1430 mercenarius
748 1395 842 1446 agrum

237 1444 320 1497 Illum
331 1445 420 1514 ipsum
430 1450 563 1498 mercatus
574 1446 668 1511 aravit,
681 1446 754 1499 dives
766 1448 851 1500 amico

236 1511 352 1567 Hercule
361 1513 385 1569 !''
398 1514 435 1575 Si,
459 1514 510 1565 uod
518 1514 600 1578 adest,
607 1512 1030 1582 gratumjuvat,hacpreccteoro

236 1580 339 1649 Pingue
350 1597 431 1649 pecus
441 1531 548 1632 domino
559 1581 641 1633 facias
653 1585 681 1633 et
693 1588 780 1633 cetera
791 1589 888 1649 praeter

237 1649 386 1717 Ingenium,
399 1654 480 1717 utque
491 1650 564 1715 soles,
577 1656 664 1702 custos
676 1650 742 1701 mihi
754 1651 886 1702 maximus
898 1650 975 1703 adsis.

235 1716 307 1798 Ergo
318 1718 364 1769 ubi
375 1735 418 1770 me
429 1718 458 1769 in
470 1723 573 1770 montes
584 1725 612 1770 et
624 1718 653 1769 in
664 1735 751 1771 arcem
763 1735 797 1770 ex
809 1718 874 1771 urbe
884 1720 990 1785 removi,

237 1786 307 1849 Quid
318 1787 392 1854 prius
404 1786 535 1838 illustrem
547 1786 635 1839 satiris
646 1804 773 1855 musaque
785 1787 917 1855 pedestri?

235 1853 292 1906 Nec
303 1854 374 1907 mala
385 1871 428 1906 me
439 1854 548 1907 ambitio
559 1856 647 1923 perdit
659 1873 707 1908 nec
719 1855 858 1924 plumbeus
870 1858 966 1909 Auster

236 1921 442 1990 Autumnusque
453 1924 547 1990 gravis,
560 1924 684 1977 Libitinae
697 1932 812 1992 quaestus
824 1925 928 1979 aoerbae.

237 1990 372 2044 Matutine
385 1998 467 2059 pater,
480 2009 527 2044 seu
538 1993 609 2045 Jane
620 1993 747 2046 libentius
759 1995 842 2060 audis,
995 1998 1033 2047 20

237 2060 314 2114 Unde
326 2061 444 2114 homines
456 2078 564 2130 operum
575 2062 672 2183 ἱιέιιιοι
684 2063 799 2131 vitaeque
811 2063 911 2117 labores

237 2130 387 2184 Instituunt
398 2160 434 2170 —
446 2131 483 2183 sic
495 2130 545 2183 Dis
556 2149 574 2200 p
617 2131 685 2184 itum
697 2159 740 2197 -,
752 2137 783 2184 tu
795 2132 917 2185 carminis
929 2138 984 2185 esto

236 2199 408 2269 Principium.
444 2200 533 2252 Roma
545 2216 694 2268 sponsorem
706 2217 749 2253 me
761 2202 839 2269 rapis.
873 2200 889 2229 “
898 2198 954 2266 Eja,

237 2269 279 2323 Ne
290 2270 362 2339 prior
374 2269 457 2322 officio
469 2270 608 2337 quisquam
620 2269 783 2337 respondeat,
795 2287 867 2338 urge

236 2336 297 2391 Sive
309 2338 406 2406 Aquilo
417 2337 489 2389 radit
500 2343 583 2391 tems
595 2354 642 2390 ssu
653 2336 747 2390 bruma
759 2338 874 2391 nivalem

236 2406 365 2460 Interiore
376 2407 447 2458 diem
458 2422 523 2473 gyro
534 2406 626 2470 trahit,
640 2406 679 2459 ire
690 2423 794 2459 necesse
806 2409 869 2460 sst.”

236 2474 376 2527 Postmodo
388 2474 458 2541 quod
470 2475 508 2525 mi
519 2473 594 2541 obsit,
607 2473 676 2527 clare
688 2480 841 2543 certumque
853 2477 940 2529 locuto

236 2543 404 2596 Luctandum
415 2543 444 2594 in
455 2542 534 2594 turba
545 2547 573 2594 et
583 2542 707 2595 facienda
718 2544 817 2597 in'uria
828 2544 917 2598 tardis.

235 2612 251 2639 “
259 2610 330 2675 Quid
342 2610 389 2675 vis,
402 2609 503 2673 insane,
514 2613 542 2659 et
553 2625 618 2675 quas
630 2626 671 2660 res
680 2562 773 2675 agiod'
793 2609 926 2677 improbus
938 2620 1016 2681 urget

235 2678 317 2731 Iratis
330 2676 466 2745 precibus;
485 2677 539 2727 “tu
550 2675 640 2742 pulses
652 2692 728 2728 omne
740 2677 811 2745 quod
824 2678 916 2746 obstat¹
997 2686 1034 2735 30

235 2747 278 2799 Ad
291 2746 465 2798 Maecenatem
477 2743 588 2794 memori
599 2742 623 2794 si
634 2749 723 2796 mente
735 2747 876 2799 recurras.”

236 2812 296 2865 Hoc
303 2816 383 2881 juvat
395 2817 422 2865 et
433 2810 506 2863 melli
518 2816 558 2863 est
565 2830 573 2874 ;
589 2828 643 2863 non
655 2812 776 2865 mentiar.
811 2814 849 2866 At
861 2815 939 2868 simul
951 2823 1023 2871 atras

237 2880 355 2935 Ventum
367 2886 407 2933 est
418 2878 556 2948 Esquilias,
569 2880 656 2932 aliena
667 2880 773 2948 negotia
785 2888 892 2934 centum
