2409 3317
240 360 290 413 182
458 404 460 407 Α
552 356 706 412 nonnuli

239 470 256 494 “
263 468 289 520 N
289 484 324 520 on
336 468 407 521 dices
420 468 505 535 hodie,
518 486 643 538 quorsum
655 470 710 521 hoec
723 476 778 523 tam
790 468 885 539 putida
897 469 1020 535 tendant,

240 535 361 590 Furcifer
367 537 394 591 l”
413 539 428 566 “
437 538 480 591 Ad
492 546 526 605 te,
539 540 674 607 iuquam.’'
696 539 710 567 “
721 539 778 604 Quo
789 545 875 607 pacto,
888 541 1000 607 pessime
1009 537 1039 592 l'‘

239 604 384 659 Fortunam
397 614 425 660 et
436 626 520 661 mores
532 609 652 677 antiquae
664 607 755 677 plebis,
768 615 794 661 et
806 608 884 675 idem,
897 606 1038 678 [mandas

239 675 267 727 Si
279 676 339 744 quis
351 676 385 728 ad
398 677 445 730 ills
456 677 528 730 Deus
540 676 627 729 subito
639 682 667 729 te
678 682 748 743 aget,
762 692 843 756 usqne
855 693 967 744 recuses,

238 745 295 797 Aut
307 745 371 813 quia
382 763 435 798 non
447 747 536 812 sentis,
549 745 620 813 quod
632 744 737 810 clamas,
749 750 847 797 recuus
859 761 922 812 esse,

238 814 296 866 Aut
307 815 370 895 quia
380 831 435 867 non
445 815 538 867 firmus
549 819 652 867 rectum
663 812 781 866 defendis
794 819 821 865 et
832 814 923 881 haeres,

238 882 264 934 N
265 899 421 952 equrcquam
433 901 507 937 coeno
518 882 626 951 cupiens
638 881 749 935 evellere
760 882 888 950 plantam

240 950 328 1003 Romae
340 970 386 1004 rus
398 959 480 1022 optas,
492 952 628 1005 absentem
639 951 753 1003 rusticus
765 951 857 1003 urbem

239 1018 319 1073 Tollis
330 1022 364 1073 ad
376 1028 447 1074 astra
458 1022 532 1076 levis.
566 1020 595 1073 Si
608 1038 626 1072 n
676 1036 737 1073 uam
749 1036 776 1072 es
787 1018 855 1072 forte
867 1024 976 1074 vocatus

240 1088 281 1140 Ad
293 1107 402 1156 coenam,
414 1089 507 1144 laudas
519 1107 640 1143 securum
651 1106 667 1142 o
678 1106 709 1141 us
721 1106 759 1155 ac,
771 1088 845 1142 velut
857 1106 970 1157 usquam
997 1093 1036 1143 30

239 1156 352 1210 Vinctus
364 1176 416 1224 cas,
427 1159 467 1212 ita
478 1165 506 1212 te
517 1157 621 1211 felicem
634 1157 699 1211 dicis
711 1173 842 1225 aurasque,

240 1225 316 1289 Quod
327 1244 458 1295 nusquam
469 1227 519 1281 tibi
531 1227 566 1280 sit
578 1227 731 1295 potandum
766 1227 881 1281 Jusserit
892 1226 927 1281 ad
938 1244 967 1280 se

239 1294 369 1349 Maecenas
381 1313 468 1348 serum
480 1295 529 1349 sub
540 1295 643 1348 lumina
673 1296 840 1349 rimavenire

239 1363 401 1417 Convivam:
420 1362 459 1413 ‘N
461 1360 546 1413 emon’
559 1359 647 1411 oleum
654 1313 725 1414 leret
737 1361 828 1413 ooiusl
847 1362 943 1429 Ilcquis

239 1433 324 1485 Audit
334 1430 352 1485 l'
370 1448 433 1484 cum
443 1445 541 1497 magno
553 1428 667 1481 blateras
678 1429 790 1482 clamore
802 1430 932 1498 iugisque.

239 1495 357 1550 Mulvius
369 1506 396 1551 et
409 1515 503 1551 sourrae
515 1499 565 1552 tibi
576 1516 631 1552 non
642 1498 778 1552 referenda
790 1499 891 1568 precati

238 1564 392 1621 Discedunt.
427 1567 535 1621 Etenim
545 1568 631 1621 fateor
642 1584 691 1634 me,
703 1567 801 1621 dixerit
813 1568 866 1635 ille,

239 1633 308 1688 Duci
320 1643 411 1689 ventre
422 1636 514 1702 levem,
526 1654 619 1690 nasum
631 1636 722 1689 nidore
734 1637 850 1706 supinor,

240 1703 396 1770 Imbecillus,
409 1704 486 1773 iners,
499 1706 521 1757 si
533 1706 655 1774 quidvis,
668 1705 742 1772 adde,
755 1707 858 1776 popino.

239 1771 286 1838 Tu,
300 1790 381 1842 quum
394 1774 429 1825 sis
441 1774 510 1842 quod
522 1792 571 1842 ego
582 1781 611 1828 et
622 1774 739 1827 fortassis
751 1775 867 1857 nequior,
879 1775 950 1829 ultro
994 1780 1034 1831 40

239 1839 369 1894 Insectere
382 1841 456 1895 velut
466 1841 558 1895 melior
569 1842 706 1913 verbisque
718 1842 817 1897 decoris

239 1908 368 1963 Obvolvas
379 1911 493 1964 vitiam?
511 1910 588 1979 Quid,
600 1912 623 1965 si
634 1930 677 1965 me
689 1912 794 1966 stultior
805 1913 861 1982 ipso

238 1978 396 2047 Quingentis
408 1985 497 2049 empto
508 1980 639 2034 drachmis
651 1981 836 2050 deprenderis?
870 1981 954 2035 Aufer

238 2046 282 2100 Me
294 2048 372 2101 vultu
385 2054 481 2102 terrere
488 2069 495 2113 ς
513 2067 622 2103 manum
634 2050 848 2120 stomachumque
860 2057 958 2119 teneto,

236 2116 315 2184 Dum,
328 2135 386 2186 qun
400 2118 513 2189 Orispini
524 2120 614 2173 docuit
625 2137 668 2173 me
676 2120 783 2188 janitor,
796 2120 852 2175 edo.

237 2185 273 2239 Te
284 2189 382 2257 conjux
394 2188 481 2242 aliena
492 2189 571 2259 capit,
582 2188 750 2241 meretricula
762 2189 880 2243 Davum:

237 2254 332 2310 Peccat
343 2264 404 2311 uter
414 2264 533 2311 nostrum
545 2275 622 2311 cruce
634 2257 757 2325 dignius'l
775 2258 851 2313 Acris
862 2256 908 2312 ubi
920 2274 964 2311 me

236 2322 339 2378 Natura
350 2326 473 2393 intendit,
486 2327 534 2379 sub
546 2327 617 2380 clara
627 2326 701 2380 nuda
712 2326 820 2381 lucerna

237 2392 405 2463 Quaecunque
416 2396 521 2464 excepit
532 2396 664 2463 turgentis
676 2394 783 2449 verbera
794 2395 893 2464 caudas,

236 2462 364 2516 Olunibus
375 2469 423 2517 aut
434 2465 547 2531 agitavit
559 2481 657 2533 equum
668 2464 767 2518 lasciva
778 2465 910 2535 supinum,
992 2469 1030 2519 50

235 2529 356 2585 Dimittit
366 2550 452 2601 neque
463 2533 593 2585 famosum
605 2550 690 2601 neque
703 2534 852 2603 sollicitum,
864 2550 898 2588 ne

235 2600 322 2653 Ditior
333 2607 382 2653 aut
393 2602 484 2653 formae
496 2601 610 2654 melioris
622 2602 703 2655 meiat
715 2602 812 2656 eodem

235 2667 283 2734 Tu,
295 2686 378 2737 quum
389 2669 511 2738 projectis
523 2669 678 2736 insignibus,
691 2671 790 2723 annulo
802 2670 924 2739 equestri,

236 2736 407 2805 Romanoque
419 2736 520 2803 habitu,
532 2738 621 2805 prodis
633 2754 666 2790 ex
674 2738 765 2805 judice
777 2740 863 2793 Dama

235 2802 338 2873 Turpis,
350 2806 487 2859 odoratum
499 2811 580 2873 caput
591 2805 746 2859 obscurante
758 2808 870 2876 lacerna,

236 2871 296 2925 Non
307 2890 342 2941 es,
354 2874 424 2943 quod
435 2873 560 2928 simulasl
578 2874 702 2928 Metuens
713 2874 845 2929 induceris
856 2882 937 2945 atque
