2409 3317
81 415 83 422 Ι
420 345 673 401 EPISTOLARUM
692 348 730 401 II.
750 352 774 400 1.
940 354 992 405 223

199 452 283 505 Recte
294 452 366 505 facta
376 451 466 519 refert,
477 450 589 505 orientia
600 457 720 520 tempora
731 450 800 503 notis
941 452 992 502 130

198 520 313 573 Instruit
325 520 459 589 exemplis,
470 520 576 590 inopem
586 520 688 573 solatur
698 525 726 573 et
738 535 845 587 aegrurm

198 589 284 642 Castis
296 606 357 642 cum
388 589 457 642 ueris
465 590 559 658 ignara
569 589 659 659 puella
670 588 760 642 mariti

197 657 318 711 Disceret
329 606 400 711 unge
411 674 508 727 preces,
519 664 609 712 vatem
620 658 649 710 ni
661 658 739 710 Musa
750 656 881 710 dedisset?

197 724 287 779 Poscit
298 744 374 795 opem
385 728 479 780 chorus
491 733 518 779 et
529 728 670 796 presentia
680 726 792 779 numina
803 724 891 793 sentit,
983 742 989 780 J

197 794 320 848 (loelestcs
331 796 368 847 im
386 794 455 849 leret
465 812 548 864 aquas
558 796 637 848 docta
648 812 724 864 prece
735 794 856 861 blandus,

196 863 303 917 Avertit
314 813 423 930 mergos,
435 863 579 917 metuenda
639 864 708 916 'cula
720 863 803 932 pellit,

198 931 328 1001 Impetrat
339 939 367 985 et
378 948 471 1001 pacem
482 939 510 986 et
521 932 600 1001 locup
610 939 680 985 ctem
691 932 811 999 frugibus
823 948 931 985 annum

196 1000 318 1054 Carmine
329 1001 366 1053 Di
379 1000 467 1083 superi
478 1001 627 1070 placantur,
639 1001 755 1055 carmine
767 1000 867 1055 Manes

195 1069 326 1137 Agricolae
338 1070 417 1139 prisci
428 1070 510 1123 fortes
520 1086 652 1139 parvoque
663 1069 736 1123 betti

195 1137 308 1192 Condita
319 1144 378 1208 post
390 1138 523 1193 firmenta
535 1139 654 1193 levantes
666 1144 782 1209 tempore
793 1138 860 1192 festo
935 1144 985 1194 140

195 1206 294 1276 Corpus
306 1213 334 1260 et
345 1208 433 1277 ipsum
444 1209 564 1262 animum
576 1224 622 1278 spe
633 1208 694 1261 finis
706 1208 773 1261 dura
783 1208 919 1276 ferentem,

194 1274 262 1328 (lum
274 1276 350 1329 sociis
361 1294 478 1346 operum,
489 1278 577 1346 pueris
589 1284 618 1331 et
628 1280 741 1346 conjuge
751 1277 813 1344 fids,

194 1342 325 1397 'l'ellmem
337 1362 422 1413 porco,
434 1346 571 1399 Silvanum
582 1346 652 1399 lacte
663 1346 781 1415 piabant,

81 1421 83 1442 ’
193 1412 315 1465 Floribus
322 1420 354 1467 -et
366 1414 428 1467 vino
440 1415 553 1467 Genium
564 1430 705 1467 memorem
716 1413 801 1465 brevis
814 1413 870 1466 oeri.

193 1479 358 1533 Fescennina
368 1499 415 1551 per
426 1481 498 1535 hunc
508 1483 619 1535 inventa
630 1482 738 1535 licentia
749 1498 848 1534 morem

193 1549 318 1604 Versibus
329 1549 438 1603 alternis
449 1550 589 1620 opprobria
599 1550 699 1603 rustica
710 1550 789 1615 fudit

191 1618 362 1687 libertasque
373 1625 535 1673 resumentes
546 1625 654 1688 accepta
665 1636 713 1687 per
723 1634 805 1671 annos

191 1687 268 1740 Lusit
280 1688 435 1755 amabiliter,
447 1688 531 1741 donec
536 1689 595 1757 jam
606 1704 690 1741 serua
701 1692 820 1756 apertam

192 1756 225 1809 In
236 1756 336 1809 rabiem
348 1757 429 1826 coepit
439 1758 509 1811 verti
515 1759 592 1827 jocus
603 1762 631 1810 et
700 1756 823 1809 honestas

191 1825 234 1878 Ire
245 1824 335 1879 domes
345 1827 454 1896 impune
465 1828 563 1881 minax.
597 1824 639 1879 Dc
650 1843 711 1879 uere
722 1831 831 1879 cuento
931 1832 980 1881 150

191 1893 277 1947 Dente
288 1895 416 1960 lacessiti3
434 1897 487 1950 fuit
499 1896 608 1949 intectis
620 1912 723 1965 quoque
735 1912 798 1948 cura

191 1963 345 2017 Ocnditione
358 1982 436 2033 super
447 1965 595 2029 communi;
613 1965 772 2034 quinetiam
783 1964 827 2017 lex

190 2031 254 2084 Poen
289 2049 323 2085 ue
334 2033 397 2099 lata
408 2033 478 2085 malo
506 2050 550 2085 uae
560 2033 643 2085 ucllet
655 2034 770 2085 carmine
783 2048 940 2103 quemquam

190 2099 280 2153 Deseri
298 2101 323 2163 i;
341 2108 480 2153 verterem
513 2101 809 2167 mfcrmidinefustis

190 2168 232 2219 Ad
243 2167 310 2221 bene
322 2168 463 2220 dicendum
474 2168 711 2235 delemandumque
722 2168 830 2222 redacti.

191 2236 290 2288 Grecic
302 2242 382 2304 capta
391 2236 478 2287 ferum
489 2236 615 2288 rictorem
627 2236 706 2303 cepit,
718 2242 745 2289 et
757 2242 827 2290 artes

190 2303 287 2356 Intulit
299 2303 396 2372 agresti
407 2304 499 2367 latim
516 2304 554 2356 sic
565 2304 687 2356 hon-idus
697 2304 743 2357 illc

189 2371 308 2426 Defiuxit
319 2389 443 2425 numerus
455 2372 604 2437 Saturnius,
614 2379 642 2425 et
653 2388 733 2439 grave
744 2372 816 2425 virus

189 2439 330 2493 Munditie
342 2441 466 2510 pepulere
472 2460 480 2506 ;
497 2442 543 2493 red
553 2441 584 2493 in
594 2442 702 2509 longum
714 2446 805 2495 tamen
816 2460 902 2497 aevum

189 2508 344 2562 Manserunt
356 2510 486 2579 hodieque
497 2515 607 2563 manent
618 2510 729 2579 vestigia
740 2512 816 2566 ruris.
926 2519 974 2567 160

189 2576 264 2630 Serus
277 2578 347 2631 enim
359 2578 457 2632 Grecis
468 2579 585 2632 admovit
595 2580 720 2633 acumine
730 2580 836 2647 chartis,

188 2646 222 2698 Et
233 2652 292 2715 pcst
304 2647 406 2700 Punica
417 2647 488 2701 bella
498 2648 604 2717 quietus
633 2666 731 2703 uterere
742 2651 829 2719 coepit,

188 2715 256 2779 Quid
268 2714 407 2785 Sophocles
418 2722 445 2769 ct
456 2716 565 2785 Thespis
576 2724 604 2771 et
651 2718 756 2786 schylus
767 2719 834 2771 utile
845 2718 949 2773 ferrent.

187 2784 308 2838 lentavit
319 2800 423 2853 quoque
434 2802 499 2852 rem,
509 2787 532 2837 si
563 2786 569 2798 ’
608 2804 622 2839 e
634 2792 733 2840 vertere
745 2796 838 2856 posset,

188 2853 221 2906 Et
232 2854 334 2923 placuit
346 2854 403 2922 sibi,
414 2860 512 2908 natura
521 2854 571 2907 sub
584 2855 589 2867 '
621 2855 627 2868 '
653 2862 681 2909 et
692 2872 766 2919 acer;
