2409 3317
202 349 252 399 116
514 341 669 395 Rosam

268 442 401 508 Quietiore
412 444 573 497 necteretur
584 460 694 513 sequere,

303 512 390 578 Quam
402 514 481 565 Graia
492 514 623 566 victorum
634 531 735 579 manus,

269 581 356 647 Quum
367 582 456 635 Palles
469 589 526 635 usto
538 584 619 635 vertit
630 583 697 635 iram
708 582 742 634 ub
755 582 806 635 Ilio

304 650 339 702 ln
350 651 460 720 impiam
471 651 560 719 Ajeois
570 658 662 705 ratem.

271 719 293 772 0
322 727 420 772 uentus
431 720 514 772 instat
526 721 624 773 navitis
636 719 715 773 sudor
726 720 781 772 tuis

304 737 414 857 iibique
425 789 509 857 pellor
521 790 608 841 luteus

269 857 305 911 Et
316 856 363 911 ills
374 875 427 910 non
439 858 523 911 virilis
534 858 651 925 ejulatio,

304 925 396 980 Preces
408 932 435 979 et
447 944 567 980 aversum
579 927 614 979 sd
626 928 728 993 lovem,
771 968 777 979 .

271 995 361 1049 Ionius
374 996 425 1047 udo
438 1014 520 1063 quum
531 997 682 1063 remugiens
693 995 767 1047 sinus

304 1064 374 1117 Noto
386 1065 502 1117 carinam
513 1066 626 1133 ruperit!
958 1069 994 1118 20

271 1133 366 1202 Opima
378 1134 448 1201 quod
460 1134 482 1185 si
493 1134 584 1201 preedu
595 1152 676 1187 curvo
687 1134 765 1187 litore

306 1202 429 1255 Porrecta
440 1219 542 1269 mergos
556 1204 659 1270 ureris,

270 1270 436 1326 libidinosus
447 1221 628 1324 immolabitur
639 1290 717 1343 caper

305 1341 341 1395 llt
352 1358 422 1410 agua
433 1340 650 1410 Tempestatibus

381 1572 529 1626 OARMEN
546 1572 669 1626 XL—ar
682 1586 815 1626 rrrrrms.
901 1561 907 1569 ’

273 1697 369 1764 Pisum,
380 1698 449 1750 nihil
460 1716 503 1750 me
515 1698 583 1751 sicut
594 1705 674 1752 anteo
682 1700 762 1768 juvat

307 1766 424 1819 Scribere
436 1767 585 1834 versiculos,
597 1785 684 1820 amore
696 1784 849 1836 percussum
859 1765 942 1835 gravi,

277 1836 374 1899 Amore,
387 1836 433 1903 qui
445 1852 487 1887 me
499 1841 594 1903 praeter
606 1853 696 1888 omues
707 1838 810 1905 expetit

309 1903 434 1956 Mollibus
446 1904 474 1955 iu
487 1904 574 1972 pueris
586 1911 634 1958 aut
645 1906 675 1957 iu
686 1906 782 1974 puellis
794 1922 876 1960 urere.

275 1972 328 2027 Hic
340 1971 434 2025 tertius
447 1973 596 2039 December,
609 1992 643 2026 ex
655 1991 706 2043 quo
718 1975 809 2028 destiti

310 2041 420 2095 Inachis
430 2042 524 2109 furere,
537 2042 610 2095 silvis
622 2043 747 2095 honorem
758 2043 867 2096 decutit.

275 2111 337 2163 Heu
348 2128 398 2177 me,
410 2129 457 2180 per
468 2111 567 2177 urbem,
579 2128 643 2164 nem
655 2113 738 2180 pudet
749 2113 819 2165 tanti
830 2112 903 2178 mali,

310 2180 411 2232 Fabula
424 2186 525 2249 quanta
535 2180 591 2236 fui!
612 2181 797 2235 (lonviviorum
808 2186 836 2233 et
847 2180 974 2251 poenitst;

275 2250 309 2302 In
321 2249 381 2317 quis
392 2256 526 2303 ementem
537 2250 650 2317 languor
660 2255 688 2303 et
699 2250 835 2303 silentium

310 2318 407 2386 Arguit
418 2326 445 2371 et
457 2320 539 2371 latere
551 2319 652 2399 petitus
662 2319 740 2371 imos
758 2319 841 2371 iritua
964 2321 998 2369 10

276 2387 406 2440 Contrane
418 2388 521 2439 luorum
532 2388 572 2439 ml
583 2388 671 2441 valere
682 2405 732 2440 cau
752 2386 825 2438 'dum

310 2455 437 2524 Pauperis
449 2456 602 2523 ingeniuml
621 2457 748 2525 querebar
758 2456 898 2525 applorans
909 2453 973 2518 tibi;

277 2524 361 2578 Simul
373 2524 483 2577 colentis
495 2524 687 2578 inverecundus
698 2526 771 2578 Deus

311 2592 460 2645 llervidiore
472 2608 543 2643 mero
555 2610 651 2646 ereans
662 2599 796 2663 promorat
807 2593 871 2646 loco.

278 2662 354 2727 Quod
364 2661 386 2712 si
397 2661 462 2711 meis
473 2660 596 2713 iuaestuet
607 2664 756 2741 precordiis

313 2729 406 2781 Libere
418 2728 486 2794 bilis,
497 2733 530 2779 ut
542 2728 598 2780 heac
610 2737 716 2796 ingrato
727 2730 814 2784 ventis
826 2729 930 2783 dividat

279 2799 407 2851 Fomenta
418 2797 515 2849 vulnus
527 2796 566 2848 uil
577 2796 679 2848 malum
690 2798 814 2863 levantia,

314 2866 423 2919 Desinet
434 2864 579 2933 imparibus
591 2870 691 2917 certare
703 2872 850 2918 summotus
861 2866 953 2935 pudor.
