2409 3317
452 344 664 401 simulauit
684 346 706 399 Ι.
723 349 749 399 3.
942 349 992 403 13⁵

197 442 362 497 Ponderibus
374 442 537 511 modulisque
549 442 603 497 suis
614 443 682 497 ratio
693 443 788 510 utitur,
799 460 831 497 ac
842 460 884 497 res

197 514 238 566 Ut
250 529 360 582 quaque
373 518 419 578 est,
431 511 471 565 ita
482 511 618 581 suppliciis
630 511 727 565 delicta
738 511 858 568 coercet?

196 580 226 634 Si
240 581 298 651 quis
310 597 370 633 eum
383 596 493 646 serrum,
505 580 625 651 patinam
636 581 681 649 qui
693 580 785 634 tollere
793 582 882 650 jussus
951 584 986 635 80

197 649 316 703 Semesos
327 648 409 722 pisces
422 648 734 731 tepidumquetligurierit
742 650 795 719 jus,

198 720 235 771 In
246 736 323 771 cruce
335 717 448 789 suffigat,
461 717 580 773 labeone
591 717 710 771 insanior
719 724 790 771 mter

197 788 281 841 Sanos
293 787 403 841 dicatur.
440 787 544 852 Quanto
556 786 607 842 hoc
617 786 741 840 furiosius
753 793 833 856 atque

197 856 287 926 Majus
299 862 436 925 peccatum
448 860 516 911 est!:
552 854 677 909 Paullum
689 855 801 925 deliquit
813 855 913 909 amicus
919 874 928 920 ;

199 926 276 991 Quod
288 926 339 979 nisi
351 925 484 991 concedas,
496 923 609 979 habeare
621 924 750 980 insuavis:
768 925 877 978 acerbus

199 994 287 1047 Odisti
299 1004 326 1048 et
337 993 416 1063 fugis,
429 1000 460 1046 ut
473 992 605 1047 Rusonem
617 992 719 1049 debitor
731 994 797 1060 seris,

201 1062 254 1127 Qui
265 1063 324 1130 nisi,
336 1080 419 1132 quum
431 1062 519 1115 tristes
531 1062 624 1117 misero
637 1079 730 1117 venere
743 1062 871 1128 calenda,

199 1130 347 1185 Mercedem
359 1138 407 1185 sut
419 1148 539 1185 nummos
553 1131 622 1186 unde
634 1129 705 1184 unde
717 1131 837 1198 extricat,
850 1146 952 1185 amaras

200 1200 343 1269 Porrectoj
400 1200 425 1253 lo
438 1200 559 1255 historias
572 1200 694 1271 captivus
706 1207 737 1253 ut
749 1200 832 1254 audit

200 1270 361 1323 Comminxit
383 1277 471 1323 ectum
484 1275 561 1338 potus
572 1286 696 1323 mensave
708 1269 828 1322 catillum
954 1270 992 1338 90

200 1338 319 1390 Euandri
331 1338 451 1391 manibus
463 1339 557 1391 tritum
569 1337 678 1405 dejecit:
696 1337 728 1390 ob
737 1337 806 1390 banc
817 1354 881 1404 rem,

200 1409 256 1458 Aut
268 1407 383 1474 positum
392 1412 454 1459 ante
466 1423 524 1457 mea
536 1406 600 1474 quia
611 1406 715 1474 pullum
727 1406 756 1459 in
768 1411 843 1476 poste
855 1405 938 1461 catini

201 1474 315 1527 Sustulit
327 1475 449 1538 esuriens,
461 1474 549 1527 minus
561 1474 611 1527 hoo
619 1473 754 1541 jucundus
766 1474 866 1527 amicus

201 1543 242 1597 Sit
253 1542 337 1595 mihil
373 1542 447 1607 Quod
460 1541 563 1609 faciam,
576 1541 598 1595 si
609 1542 712 1595 furtum
723 1542 821 1608 lecerit,
834 1547 882 1596 aut
894 1541 917 1595 si

202 1610 350 1664 Prodiderit
362 1611 498 1665 commissa
510 1609 561 1663 fide
573 1628 730 1679 sponsumve
742 1609 863 1678 negarit?

202 1680 269 1745 Quis
281 1681 355 1749 paria
367 1697 421 1733 esse
432 1679 487 1733 fere
498 1678 601 1750 placuit
612 1687 728 1748 peecata,
740 1678 869 1746 laborant,

202 1748 598 1813 Quumrentumadrerumest3
609 1765 698 1801 semus
703 1753 993 1818 moresquercpugnant

202 1816 289 1886 Atque
301 1818 358 1886 ipsa
370 1817 480 1882 utilitas,
489 1816 557 1885 justi
567 1834 649 1898 prope
660 1824 745 1870 mater
756 1822 784 1869 et
796 1817 872 1887 sequi.

203 1886 289 1951 Quum
301 1894 485 1957 prorepserunt
497 1887 588 1955 prinus
600 1886 726 1939 animalia
738 1886 823 1953 terris,
958 1888 993 1938 99

202 1954 309 2009 Mutum
323 1962 350 2009 et
363 1962 440 2025 turpe
452 1972 539 2024 pecus,
550 1955 675 2023 glandem
687 1961 766 2023 atque
778 1954 876 2008 cubilia
888 1961 994 2024 propter

203 2023 341 2093 Unguibus
353 2030 380 2077 et
393 2025 497 2105 pugnis,
509 2024 571 2077 dein
582 2023 706 2090 fustibus,
718 2030 799 2093 atque
810 2024 850 2077 ita
861 2040 937 2093 porro

203 2091 360 2160 Pugnabant
372 2110 458 2157 armis,
472 2110 531 2160 quse
542 2099 602 2163 post
613 2091 788 2145 fabricaverat
799 2109 872 2158 usus,

203 2160 291 2213 Donec
304 2161 390 2225 verbs,
402 2160 498 2229 quibus
510 2177 584 2215 voees
597 2177 739 2229 semusque
751 2166 882 2228 notarent,

202 2229 227 2281 N
227 2230 367 2297 ominaque
379 2228 516 2293 invenere3
534 2228 629 2283 debinc
641 2227 766 2282 absistere
777 2228 855 2297 bello,

204 2298 224 2349 0
243 2297 305 2366 pido
318 2304 453 2366 coeperunt
465 2297 567 2353 munire
579 2304 606 2353 et
617 2314 714 2367 ponere
725 2297 804 2367 leges,

202 2316 670 2488 elffii„
679 2365 890 2489 urum

203 2504 291 2567 Causa,
305 2504 350 2557 sed
362 2504 459 2572 ignotis
471 2504 607 2573 perierunt
619 2504 747 2557 mortibus
758 2504 807 2571 illi,

204 2573 272 2636 Quos
285 2572 412 2625 Venerem
423 2573 552 2626 incertam
564 2573 695 2641 rapientes
706 2589 779 2626 more
790 2574 906 2626 semrom

203 2640 309 2695 Viribus
320 2640 415 2695 editior
426 2641 549 2708 caedebat,
562 2648 593 2695 ut
604 2642 633 2694 in
645 2658 724 2709 grege
736 2648 837 2695 taurus
943 2645 992 2695 110

204 2708 222 2763 J
223 2726 270 2763 ura
282 2709 392 2763 inventa
403 2714 477 2763 metu
488 2710 582 2779 injusti
594 2710 694 2765 fateare
706 2727 811 2766 necesse
823 2715 871 2776 cst,

203 2778 327 2847 'l'empora
339 2778 362 2830 si
373 2776 505 2847 fastosque
516 2779 582 2833 velis
593 2779 711 2834 evolvere
723 2778 824 2832 mandi.

203 2846 255 2902 Nec
267 2852 364 2903 natura
374 2854 461 2918 potest
468 2850 542 2918 juste
554 2864 687 2905 secunao
697 2848 827 2917 iniquum,
