2409 3317
450 351 452 355 ’
532 342 684 399 ΗΟΒΑΤΠ

283 447 342 500 Hoc
354 452 411 499 erte
422 446 520 499 Pollux
532 452 559 500 et
572 464 654 515 vagus
667 445 795 499 Hercules

281 514 378 568 Dnisus
390 532 462 568 srces
472 516 565 583 attigit
577 516 674 583 igneos,

318 584 387 649 Quos
398 584 469 637 inter
480 583 524 636 Au
561 591 618 637 stus
629 583 784 637 recumbens

352 652 489 722 Purpureo
499 652 526 706 bi
544 653 566 706 it
579 670 622 707 ore
634 659 731 705 nector.

283 722 342 774 Hac
354 727 381 775 te
393 728 544 789 merentem,
557 722 661 776 Bocche
673 728 756 790 peter,
768 726 825 772 tuae

283 790 387 843 Venere
397 791 479 859 tigres
490 791 599 843 indocili
607 793 706 859 jugum

317 858 389 913 Oollo
401 860 550 923 trahentem
568 860 619 913 hec
631 860 757 924 Quirinus

352 926 447 982 Martis
459 930 533 997 equis
544 929 695 981 Acheronta
707 929 786 997 fugit,

284 998 395 1051 Gratum
407 997 530 1067 eloquntu
542 997 742 1051 consiliantibus

284 1067 304 1119 J
305 1083 390 1120 unone
402 1066 491 1120 Divis:
510 1067 587 1134 Ilion,
600 1067 669 1119 Ilion

319 1134 419 1188 Fatalis
430 1134 596 1205 incestusque
605 1135 690 1203 judex

354 1203 390 1256 Et
400 1204 496 1257 mulier
507 1206 645 1273 peregrine
657 1206 738 1257 vertit

285 1273 319 1326 In
330 1272 473 1342 pulverem,
486 1291 519 1326 ex
531 1290 583 1342 quo
595 1274 719 1327 destituit
731 1274 800 1327 Deos

285 1341 405 1395 Mercede
417 1348 497 1410 pecte
508 1342 664 1411 Laomedon,
676 1343 744 1396 mihi

321 1410 457 1480 (testeque
469 1412 626 1465 dsmnstum
638 1411 765 1466 Minervae

355 1480 422 1534 (lum
468 1481 531 1550 pulo
542 1486 570 1534 et
582 1481 650 1535 duce
661 1481 841 1535 fraudulento.

288 1551 352 1603 Jsm
363 1567 412 1604 nec
478 1566 542 1603 aenae
553 1550 675 1620 splendet
686 1551 815 1604 mulcere

287 1618 412 1673 Fumosus
424 1620 517 1688 hospes
529 1637 578 1673 nec
591 1620 692 1673 Priumi
703 1619 797 1672 domus

324 1687 435 1755 Perjurs
445 1704 578 1755 pugnsces
591 1688 706 1741 Achivos

357 1756 495 1808 Hectoreis
507 1754 600 1824 opibus
612 1774 641 1807 re
667 1757 673 1769 '
714 1756 743 1820 't,

288 1824 442 1893 Nostrisque
453 1824 565 1877 ductum
577 1823 700 1876 seditioni
716 1840 749 1873 us

289 1893 394 1947 Bellum
405 1892 509 1946 resedit.
544 1892 666 1944 Protinus
678 1896 706 1943 et
717 1906 811 1958 graves

325 1962 381 2015 ires
393 1967 420 2015 et
431 1960 547 2013 inrisum
559 1965 689 2027 nepotem,

358 2029 450 2083 'l'roioe
462 2046 540 2099 quem
551 2029 654 2149 pleperit
666 2026 791 2093 sacerdos,

289 2100 371 2155 Marti
383 2096 528 2163 redonabo;
544 2099 554 2151 i
575 2114 621 2150 um
632 2114 681 2165 ego
692 2097 797 2150 lucidas

290 2171 362 2224 Inire
373 2168 453 2236 sedes,
466 2168 560 2222 ducere
572 2167 685 2221 necteris

325 2240 406 2293 Suoos
417 2242 445 2291 et
456 2237 570 2292 adscribi
581 2236 679 2306 qnietis

361 2306 503 2361 Ordinibus
515 2307 601 2376 potior
613 2306 735 2360 Deorum.

291 2379 363 2431 Dum
374 2378 469 2444 longus
481 2376 552 2429 inter
563 2377 654 2429 saeviet
666 2376 735 2428 llion

291 2449 454 2513 Romamque
465 2450 569 2511 pontus,
581 2443 699 2511 quelibet
710 2443 816 2497 exsules

326 2516 360 2569 In
458 2518 587 2579 regnanto
598 2512 685 2575 beoti3

386 2598 433 2634 um
444 2580 544 2633 Prismi
557 2580 710 2648 Paridisque
721 2580 801 2633 busto

292 2650 408 2706 Insrdtet
420 2654 570 2703 srmentrrm
582 2654 610 2701 et
621 2647 723 2701 catulos
735 2650 798 2702 ferte

293 2720 384 2775 celent
395 2719 497 2784 inmte,
510 2724 561 2772 stet
574 2718 734 2786 Capitolium

327 2788 443 2857 Fulgens
455 2787 678 2857 triumphatisque
725 2788 772 2841 ssit

363 2857 446 2913 Rome
457 2858 532 2911 ferox
544 2858 607 2912 dere
614 2859 678 2927 jure
719 2858 784 2912 edis
