2409 3317
396 606 429 671 Q·
455 606 660 663 HORATII
686 603 858 662 FLACCI

260 769 987 899 diuturnum

441 951 568 1008 modu
592 949 812 1036 succuuus.

550 1112 696 1137 mmm

538 1216 666 1270 SATIRA
685 1217 708 1269 1.

234 1323 339 1392 “Suun,
352 1323 446 1393 quibus
458 1325 487 1377 in
499 1326 580 1379 eutiru
592 1326 682 1379 videor
692 1326 772 1379 nimie
783 1343 844 1379 acer
855 1332 882 1379 et
893 1325 966 1380 ultro

233 1393 331 1462 Legem
342 1394 449 1447 tendere
461 1411 544 1462 opue;
561 1394 618 1447 eine
629 1395 716 1447 nervis
728 1394 818 1463 alteru,
830 1394 960 1463 quidquid

233 1463 382 1531 composui,
393 1480 453 1531 pure
465 1480 520 1516 esee
531 1468 611 1531 putet
623 1462 771 1531 similesque
782 1480 900 1516 meorum

232 1529 308 1584 Mille
320 1531 362 1585 die
374 1548 462 1584 versus
475 1531 569 1583 deduci
581 1549 663 1621 poene.
698 1531 811 1600 Trebati,

233 1598 305 1681 Quid
322 1600 423 1681 sociam,
436 1600 597 1668 praescribc.'
634 1601 648 1628 “
657 1600 804 1663 Quieecue.''
840 1601 904 1653 “Ne
914 1600 1022 1668 facium,

233 1685 446 1816 Ordlpddds'vereue
456 1734 486 1789 i'’
510 1736 525 1764 “
533 1736 606 1789 Aio.’'
641 1737 657 1766 “
664 1737 772 1790 Pereem
783 1738 859 1804 mule,
872 1737 894 1789 ei
905 1753 959 1789 non

232 1803 368 1873 Optrmum
380 1809 452 1857 erut:
470 1820 561 1859 verum
573 1822 673 1874 nequeo
685 1806 821 1859 dormire.'’
855 1807 870 1833 “
878 1806 927 1857 'Per
944 1807 1020 1859 uncti

232 1872 394 1925 transnanto
406 1871 526 1939 Tiberim,
539 1890 629 1927 somno
641 1874 734 1942 quibus
746 1880 786 1928 eet
798 1892 863 1944 opue
874 1874 936 1939 ulto,

231 1940 416 2009 Irriguumque
426 1958 497 1994 mero
510 1942 558 1994 sub
570 1949 673 1995 noctem
685 1960 779 2012 corpus
791 1944 912 1995 habento.

230 2012 293 2077 Aut,
307 2010 328 2062 ei
340 2015 431 2063 tantus
442 2027 515 2064 umor
527 2010 655 2064 scribendi
667 2018 695 2063 te
705 2028 736 2064 ru
754 2012 783 2077 it,
794 2011 863 2065 aude
985 2015 1018 2061 10

231 2079 338 2131 Geemris
350 2078 444 2132 invicti
454 2096 495 2131 ree
508 2080 600 2147 dicere,
612 2080 698 2132 multu
710 2080 737 2132 lu
769 2098 829 2132 rum

230 2146 341 2200 Pruemie
352 2146 481 2200 letums.”
516 2149 531 2176 “
539 2149 678 2217 cupidum,
690 2154 766 2217 poter
778 2148 884 2217 optime,
896 2149 964 2200 vires

229 2216 379 2269 Deficiunt:
397 2234 482 2286 neque
494 2219 565 2271 enim
577 2218 663 2286 quivis
675 2217 808 2269 horrentia
838 2217 881 2269 ilis

200 2338 204 2347 ,
228 2285 343 2355 Agmine
355 2302 403 2339 uec
415 2286 501 2339 fructu
512 2291 651 2355 pereuntes
663 2286 771 2354 cuspide
834 2286 871 2337 loe

230 2354 287 2406 Aut
298 2353 410 2407 lubentio
422 2371 489 2423 equo
501 2354 632 2408 describat
643 2355 752 2407 vulnere
764 2354 881 2406 Parthi.’'

227 2423 243 2451 “
253 2424 378 2476 Attamen
390 2428 418 2475 et
426 2425 531 2491 justum
576 2429 646 2476 terte
657 2429 685 2475 et
697 2422 807 2475 scribere
818 2424 920 2488 fortem,

227 2490 377 2560 Scipiadam
388 2496 421 2543 ut
433 2492 536 2559 sepiens
570 2490 691 2544 uciliue.”
727 2491 831 2543 “Haud
842 2492 909 2543 mihi
921 2491 1003 2557 deero,

228 2559 317 2624 Quum
328 2577 370 2612 ree
381 2560 439 2627 ipse
450 2561 524 2612 feret.
560 2559 585 2612 N
586 2560 619 2611 iei
631 2560 724 2612 dextro
735 2565 859 2628 tempore,
872 2560 960 2612 Flacci

227 2627 314 2681 Verbo.
359 2646 372 2680 r
384 2633 514 2680 attentum
526 2644 579 2679 non
591 2627 668 2680 ibunt
681 2628 788 2681 Gaeuerie
800 2646 899 2694 eurem,

228 2696 277 2749 uui
289 2713 358 2749 mue
371 2696 392 2746 ei
404 2695 518 2762 pulpere,
531 2695 680 2748 recalcitret
691 2696 810 2763 undique
821 2696 922 2749 tutue.’‘
982 2700 1014 2749 20

227 2765 242 2793 “
253 2765 358 2827 Quanto
370 2762 466 2813 rectius
478 2762 529 2815 hoc
542 2780 622 2831 quum
633 2764 705 2816 tristi
716 2762 809 2817 loedere
821 2783 898 2817 vomu

227 2830 404 2883 Pantolabum
417 2846 533 2883 scurram
546 2832 795 2899 Nomentanumque
807 2836 945 2902 nepotem!
