2409 3317
216 384 269 437 204
530 386 686 441 norrun

215 494 345 549 Incolumi
358 492 462 547 Rhodos
474 502 501 546 et
513 492 643 562 Mytilene
654 490 766 561 pulchra
776 489 850 558 fucit,
862 492 933 560 quod

216 564 324 617 Paenule
335 563 453 628 solstitio,
466 578 524 614 cam
623 560 755 614 nivalibus
766 561 844 626 auris,

216 633 267 687 Per
277 632 398 685 brumam
409 630 516 697 Tiberis,
563 629 624 682 xtill
636 646 724 682 mense
737 630 862 683 caminus.

215 701 288 755 Dum
299 701 362 753 licet
373 716 405 751 ac
416 698 522 752 vultum
534 704 620 752 servat
633 698 751 751 Fortuna
762 698 913 766 benignum,
968 702 1006 751 20

217 770 307 824 Romoe
318 768 442 821 laudetur
454 766 543 820 Samos
555 773 583 820 et
595 767 672 820 Ohios
684 773 712 819 et
725 767 828 820 Rhodos
840 766 940 821 sbsens.

217 838 264 907 lu,
277 852 463 907 quamcunque
473 836 545 889 Deus
557 835 608 887 tibi
618 835 794 888 fortunaverit
806 835 904 903 horam,

218 907 299 962 (irata
310 923 384 960 sume
394 920 484 972 manu,
496 922 549 957 neu
560 902 649 956 dulcia
661 904 737 957 differ
748 904 777 956 in
788 922 896 972 annum,

218 976 263 1042 Ut,
274 991 431 1045 quocunque
441 972 499 1026 loco
510 972 598 1039 fueris,
611 972 707 1025 vixisse
719 972 832 1026 libenter

218 1043 353 1108 'Pudicam
371 1042 585 1098 namsiratioet
598 1040 834 1110 prudentiacnros,
1109 1086 1110 1089 ,

218 1112 279 1166 lion
289 1113 361 1165 locus
373 1112 448 1165 effusi
459 1111 514 1166 late
524 1110 605 1162 moris
616 1109 714 1163 arbiter
725 1110 820 1177 aufert,

218 1181 326 1250 (lulum,
338 1196 391 1234 non
403 1180 522 1232 animum
533 1184 646 1244 mutant,
660 1178 706 1246 qui
717 1185 791 1231 trans
802 1196 874 1233 mare
886 1184 1006 1232 currunt.

219 1249 333 1304 Strenua
343 1266 390 1302 nos
402 1254 506 1302 exercet
517 1248 615 1300 inertia
621 1265 629 1312 ;
646 1246 758 1300 navibus
770 1254 850 1317 etque

220 1318 360 1387 Quadrigis
371 1318 487 1387 petimus
498 1316 565 1369 bene
576 1316 672 1369 vivere.
708 1315 784 1380 Quod
796 1316 872 1385 petia,
885 1316 929 1369 hic
940 1321 988 1382 eet,

219 1386 268 1441 Est
280 1387 394 1455 Ulubris,
406 1386 510 1439 animus
522 1386 545 1438 si
556 1391 584 1438 te
595 1401 650 1438 non
661 1384 750 1437 deficit
761 1401 859 1453 aquus.
972 1388 1008 1439 30

378 1555 554 1611 EPISuouA
571 1556 710 1611 XII.-sn
727 1565 835 1607 recurre

222 1649 383 1705 Fanorrnns
395 1651 521 1721 Agrippa
533 1649 636 1718 Siculis,
649 1667 715 1720 quos
726 1652 835 1721 colligis,
848 1651 909 1719 Ioci,

222 1718 250 1773 si
261 1725 333 1773 recte
344 1720 448 1801 frueris!
460 1725 572 1787 nonest,
584 1726 616 1773 ut
629 1736 658 1773 cc
678 1721 705 1773 ia
715 1722 800 1790 major

221 1788 264 1840 Ab
275 1789 343 1842 Jove
355 1787 447 1841 deuon
458 1788 540 1856 possit
551 1788 609 1842 tibi.
667 1788 718 1842 olle
730 1790 862 1857 querelas;

223 1856 326 1924 Pauper
337 1856 408 1909 enim
419 1872 472 1909 non
484 1862 532 1921 est,
543 1856 587 1909 eui
598 1874 687 1911 rerum
699 1859 818 1927 suppetit
829 1874 900 1911 usus.

223 1923 251 1978 Si
263 1925 349 1977 ventri
361 1922 433 1990 bene,
446 1924 469 1976 si
479 1924 558 1977 lateri
569 1932 609 1978 est
621 1926 783 1995 pedibusque
797 1927 859 2001 tuis,
871 1927 911 1979 nil

222 1993 330 2046 Divitis
341 1998 466 2074 poterunt
477 1993 578 2060 regales
588 1994 686 2047 addere
697 1997 791 2076 majus.

223 2062 252 2114 Si
263 2062 331 2115 forte
342 2078 372 2114 ιιι
382 2061 469 2114 medio
480 2062 626 2131 positorum
637 2062 780 2117 obstemus
792 2064 879 2117 herbis

224 2130 298 2183 Vivis
309 2135 337 2184 ot
349 2130 441 2199 urtica,
453 2131 490 2184 sic
502 2131 574 2185 vives
585 2132 713 2201 protinus,
726 2138 756 2186 ut
769 2138 796 2185 te

225 2200 367 2253 Confestim
379 2200 497 2269 liquidus
510 2200 633 2255 Fortuuae
646 2202 718 2253 rivus
729 2202 842 2269 inauret,

225 2268 275 2322 Vel
286 2270 349 2338 quia
360 2275 485 2323 naturam
495 2275 600 2322 mutare
612 2270 724 2338 pecunia
736 2271 827 2336 nescit,
922 2322 926 2327 .
978 2273 1012 2321 10

225 2337 274 2391 Vel
286 2339 349 2406 quia
360 2346 457 2392 cuncta
467 2343 546 2407 putas
557 2356 613 2392 una
625 2338 724 2392 virtute
736 2339 845 2393 minore.

224 2406 361 2473 Miramur,
373 2407 396 2458 si
408 2407 551 2460 Democriti
562 2424 642 2477 pecus
654 2408 709 2461 edit
721 2407 818 2476 agellos

225 2474 360 2543 ovumque,
373 2474 437 2527 dum
448 2492 557 2544 peregre
568 2481 609 2529 est
620 2477 724 2530 animus
735 2477 791 2530 siue
803 2493 908 2545 corpore
920 2474 996 2529 velox
1006 2493 1014 2538 ;

226 2543 316 2605 Quum
327 2548 359 2596 tu
370 2543 440 2596 inter
451 2543 564 2596 scabiem
575 2551 679 2598 tantam
691 2551 719 2598 et
730 2546 853 2613 contagia
864 2544 932 2598 lucri
1032 2584 1040 2597 .

225 2613 271 2666 Nil
283 2629 394 2682 parvum
405 2612 492 2681 sapias
503 2617 531 2664 et
542 2613 629 2666 adhuc
641 2614 764 2667 sublimia
775 2632 862 2668 ciues:

227 2682 293 2743 Quae
304 2698 376 2734 mare
388 2687 553 2749 compescant
565 2698 657 2749 causae,
670 2682 736 2750 quid
747 2688 876 2751 temperet
888 2698 995 2747 annum,

226 2750 314 2803 Stellas
327 2754 419 2819 sponte
430 2766 485 2816 sua
493 2751 608 2819 jussoeue
620 2757 751 2819 vugeutur
762 2758 789 2805 et
801 2758 895 2817 errent,

227 2819 296 2884 Quid
308 2824 410 2889 premat
421 2816 559 2871 obscurum
570 2817 648 2882 luuae,
661 2820 724 2889 quid
736 2820 852 2887 proferat
864 2818 959 2886 orbem,

228 2886 298 2952 Quid
309 2888 374 2942 velit
386 2892 413 2941 et
424 2888 507 2956 possit
518 2904 607 2941 rernm
617 2888 755 2943 concordia
766 2888 871 2956 discors,
