2409 3317
235 368 290 421 206
550 364 704 421 HORA'HI

335 564 512 623 EPISTOLA
530 564 678 618 XIV.—so
692 575 829 615 vrnnrouu
843 574 927 612 suus.

240 678 358 733 anscn
370 677 496 730 silvorum
507 683 534 729 et
546 676 613 729 mibi
625 692 666 728 me
678 676 811 729 reddentis
823 676 910 745 agelli,

239 748 323 813 Quem
334 754 365 800 tu
376 746 480 799 fastidis
491 744 643 798 habitatum
655 746 771 815 quinque
783 746 847 798 focis
859 752 887 797 et
1002 804 1005 808 ,

239 816 361 885 Quinque
372 815 452 871 bonos
464 815 571 869 solitum
582 814 691 867 Variam
705 814 836 867 dimittere
847 822 943 883 potres,

239 885 380 953 Certemus,
393 883 481 953 spinas
493 884 615 936 animone
627 898 641 934 e
660 901 675 935 o
687 883 789 950 fortius,
801 900 836 935 on
848 890 880 935 tu

238 952 344 1006 Evellns
354 970 418 1023 egro
430 959 457 1006 et
468 952 560 1005 melior
572 952 607 1004 sit
648 952 754 1019 oratius,
765 968 801 1005 en
813 969 861 1004 res.

238 1020 284 1074 Me
296 1022 415 1089 quemvis
426 1022 524 1074 Inmiae
534 1022 620 1091 pietas
633 1026 659 1072 et
672 1037 735 1075 cure
747 1026 864 1073 moretur

240 1086 358 1143 Fratrem
369 1091 510 1158 moerentis,
520 1096 597 1158 rupto
610 1090 642 1141 de
654 1090 736 1142 fratre
748 1088 862 1141 dolentis

238 1158 422 1226 Insolobiliter‚
434 1166 524 1212 temen
535 1159 606 1210 istuc
617 1175 691 1209 mens
703 1159 859 1226 animusque

237 1228 301 1281 Fert
312 1234 340 1283 et
351 1235 424 1284 eruet
435 1228 527 1296 spetiis
539 1226 672 1279 obstentis
682 1242 803 1295 rumpere
814 1226 935 1281 eleusue

238 1296 309 1350 Rure
321 1314 369 1365 ego
381 1296 522 1365 viventem,
534 1301 566 1347 tu
578 1294 643 1346 dicis
655 1296 684 1347 in
695 1295 761 1347 urbe
772 1295 895 1358 beetum;
997 1299 1033 1347 10

237 1366 286 1418 Oui
298 1366 385 1435 placet
397 1365 512 1433 alterius,
525 1380 574 1417 sus
583 1364 712 1415 nimimm
723 1370 764 1416 est
775 1362 834 1417 odio
847 1381 906 1416 sore.

237 1434 340 1488 Stultus
352 1442 463 1503 uterque
475 1434 563 1486 locum
573 1433 735 1485 immeritum
748 1439 872 1485 causatur
883 1432 990 1501 inique3

237 1503 271 1555 In
283 1505 361 1573 culpe
373 1509 413 1557 eet
424 1504 535 1571 enimus,
548 1502 595 1571 qui
608 1518 699 1555 senon
711 1500 804 1568 effugit
816 1518 940 1570 unquam.

238 1569 278 1624 Tu
289 1573 461 1625 mediastinus
472 1571 556 1624 tacite
568 1586 644 1639 prece
656 1586 717 1621 rure
748 1568 843 1637 etebss‚

236 1641 262 1692 N
265 1658 315 1693 une
326 1642 417 1693 urbem
430 1648 457 1693 et
468 1640 543 1693 ludos
556 1646 583 1691 et
594 1638 690 1691 belnee
701 1586 805 1692 vibices
817 1646 907 1708 optes;

236 1709 282 1762 Me
293 1717 411 1762 constare
422 1709 488 1761 mihi
501 1709 550 1760 scis
563 1715 589 1761 et
601 1707 733 1759 discedere
744 1708 855 1775 tristem,

237 1778 455 1845 Quandocunque
466 1778 577 1828 trahunt
589 1776 675 1829 invise
687 1776 792 1845 negotio
805 1776 921 1829 Romam.

238 1845 298 1897 Non
311 1846 403 1897 eedem
414 1844 555 1907 miremur-5
573 1861 603 1896 eo
616 1843 779 1897 disconvenit
791 1845 861 1897 inter

236 1911 267 1964 M
299 1931 333 1966 ue
345 1920 373 1966 et
384 1920 425 1965 te:
442 1929 512 1978 nem,
525 1929 585 1981 quse
597 1912 701 1966 deserte
713 1919 740 1969 et
751 1913 884 1983 inhospita
896 1918 989 1981 tesque

303 1983 333 2049 is,
345 1997 448 2035 emoeno
459 1988 543 2047 voest,
555 1998 660 2034 mecum
672 1982 717 2051 qui
730 1982 817 2049 sentit,
830 1988 858 2034 et
869 1981 932 2049 odit,
993 1984 1031 2033 20

236 2050 304 2112 Ques
315 2058 347 2103 tu
359 2049 470 2119 pulchre
500 2056 567 2103 utos.
603 2050 702 2103 Fomix
714 2050 764 2103 tibi
776 2057 803 2103 et
815 2056 897 2104 uncte
908 2050 1007 2119 popina

236 2118 377 2172 Incutiuut
390 2118 460 2171 urbis
472 2067 637 2183 desiderium,
649 2118 733 2188 video,
746 2127 773 2173 et
785 2118 856 2187 quod

235 2188 358 2258 Anguius
369 2188 420 2241 iste
431 2188 498 2241 seret
510 2190 587 2258 piper
598 2198 625 2241 ct
638 2186 700 2241 thus
712 2189 784 2241 ocius
795 2204 856 2256 ure,

235 2257 291 2310 Nee
302 2258 391 2311 vicine
402 2257 491 2309 subest
503 2258 596 2310 vinum
608 2256 724 2325 preebere
736 2254 846 2310 taberne

235 2326 299 2390 Ques
311 2326 393 2394 possit
405 2326 461 2392 tibi,
473 2341 522 2378 nec
534 2324 659 2378 meretrix
672 2324 789 2393 tibicine,
802 2327 877 2393 cujus

234 2393 277 2446 Ad
290 2400 342 2445 stre
361 2394 430 2445 itum
442 2393 520 2445 salise
532 2401 608 2447 terrae
620 2394 721 2461 grecis:
739 2400 767 2447 et
779 2400 868 2447 temen
880 2408 957 2461 urges

234 2462 255 2514 J
255 2412 401 2530 empridem
411 2478 465 2513 non
476 2468 549 2515 tecte
560 2461 692 2530 ligonibus
704 2478 768 2516 erre
778 2462 923 2530 bovemque

234 2530 403 2599 Disjunetum
416 2546 492 2582 cures
504 2538 531 2583 et
543 2531 641 2583 strictis
652 2530 789 2585 frondibus
800 2530 906 2601 exples;

234 2599 318 2651 Addit
330 2615 395 2666 opus
407 2599 482 2667 pigro
493 2599 573 2665 rivus,
585 2600 608 2650 si
621 2598 719 2651 decidit
730 2599 821 2666 imber,

233 2666 323 2719 Mults
334 2667 402 2719 mole
414 2666 547 2718 docendus
559 2667 648 2735 aprico
660 2674 861 2787 parcerepreto.

233 2734 312 2786 Nunc
325 2752 381 2801 ege,
394 2735 458 2803 quid
470 2740 589 2785 nostrum
601 2741 757 2787 concentum
788 2735 879 2803 iridet,
892 2734 961 2787 endi.

234 2802 319 2866 Quem
330 2808 422 2854 tenues
434 2802 544 2853 decuere
556 2808 626 2870 togoe
638 2802 767 2871 nitidique
779 2803 876 2872 capilli,

993 2670 1031 2719 30
