2409 3317
219 396 269 445 150
530 384 683 442 HORATII

216 494 293 562 Nem,
305 493 419 563 disploso
431 498 506 545 sonet
518 498 648 561 quantum
659 492 753 560 vesica,
764 510 799 562 pe
852 494 859 508 ⁰
951 498 957 509 '

216 562 322 615 Diffisss
333 569 395 615 nole
407 561 488 615 licus:
506 567 535 615 st
546 561 599 613 illae
611 578 714 613 currere
725 560 754 613 in
766 578 799 614 ur
830 579 865 614 m.

216 631 332 685 Genidiae
345 632 443 698 dentes,
455 628 541 683 cltum
553 630 663 698 Sngunse
674 629 837 682 caliendrum

216 700 344 753 lecidere
355 706 436 768 siquo
448 698 540 751 herbas
552 705 634 767 elque
644 700 781 751 incontstc
792 698 895 751 lacertis
924 726 928 731 -

217 768 332 823 Vincula
342 785 404 822 cum
415 784 511 837 magno
523 768 630 836 risuque
638 769 749 836 jocoque
760 766 868 820 videres.
971 768 1014 819 50

511 922 641 977 susum
659 921 707 975 lx

218 1049 293 1103 lusu
305 1051 373 1104 forte
384 1050 428 1104 vie
440 1067 520 1113 socru,
533 1050 601 1103 sicul
613 1066 687 1102 meus
699 1055 813 1118 estmoe,
926 1048 930 1053 ’

216 1118 310 1173 Nescio
322 1119 386 1189 quid
397 1119 528 1171 meditans
540 1135 673 1186 nugarum
684 1137 692 1182 ;
708 1124 781 1172 totus
793 1119 822 1171 in
833 1118 893 1171 illis.

217 1189 338 1241 Accurrit
350 1188 458 1256 quidem
468 1192 547 1240 notus
558 1187 626 1238 mihi
636 1187 742 1240 nomine
753 1193 867 1254 tentum,

217 1260 380 1326 Arreptsque
391 1273 488 1309 manu:
507 1255 599 1320 “Quid
611 1255 677 1323 egis,
689 1256 839 1308 dulcissime
850 1274 937 1309 rerum
946 1256 977 1310 l‘’

217 1323 938 1446 “Suavitermtnuncest,'’inqusm,“etcupioomnisquse
943 1326 1007 1378 vis.”

518 1394 532 1421 u
651 1392 658 1406 ·
705 1394 713 1407 ·
747 1393 763 1417 n

218 1395 510 1560 lerum,
527 1393 743 1515 ἓξξξ
767 1410 888 1531 ἓὲξ
897 1393 1007 1515 ἓξ

219 1531 302 1601 Hoc,”
312 1534 428 1603 inquom,
438 1532 444 1560 ‘
456 1531 523 1584 mibi
532 1531 606 1585 eris.”
630 1531 725 1584 Misere
736 1530 867 1584 discedere
877 1539 1006 1600 quaerens,

219 1600 260 1655 Ire
271 1602 348 1655 modo
360 1602 439 1667 ocius,
450 1600 585 1653 interdum
593 1601 740 1667 consistere,
751 1599 780 1652 in
791 1616 882 1654 eurem

218 1669 310 1723 Dicere
321 1670 408 1723 nescio
419 1670 484 1738 quid
495 1686 584 1737 puero,
616 1686 681 1721 uum
693 1669 771 1721 sudor
782 1668 816 1721 sd
827 1669 894 1721 imos
971 1670 1009 1728 lo

218 1737 340 1791 Maneret
352 1738 425 1791 telos.
461 1736 506 1789 “0
517 1743 552 1804 le,
564 1687 670 1805 Bobne,
683 1736 781 1791 cerebri

219 1804 334 1860 Felicem
344 1805 368 1861 !’'
386 1804 488 1859 aiebam
501 1806 597 1859 lucitus
610 1824 617 1869 ;
635 1822 717 1874 quum
729 1804 859 1874 quidlibet
870 1806 915 1859 ille

219 1874 342 1942 Gnrrirel,
354 1874 433 1936 vicos,
445 1873 537 1926 urbem
548 1874 676 1928 leudnret.
711 1875 749 1928 Ul
760 1876 802 1929 illi

218 1943 264 1995 Nil
275 1942 469 2012 respondebam,
481 1943 497 1971 “
504 1942 599 1996 Misere
611 1942 710 2026 cupis,’‘
721 1943 818 2013 inquii,
830 1945 846 1972 “
853 1944 942 2008 obire;

218 2012 238 2064 J
239 2011 383 2065 omdudum
395 2011 489 2077 video3
506 2011 551 2064 sed
563 2012 602 2065 nil
614 2030 671 2081 egre
683 2031 690 2077 ;
708 2030 790 2104 usque
801 2014 895 2067 tenebo
906 2033 914 2078 ;

219 2080 362 2150 Persequor
371 2080 441 2148 hinc,
448 2098 500 2149 quo
507 2098 578 2134 nunc
587 2082 639 2135 iter
645 2088 685 2135 esl
694 2081 750 2135 libi.
759 2080 767 2105 ’
784 2082 850 2136 “Nil
857 2099 922 2151 opus
930 2085 969 2134 eet
978 2086 1009 2136 ω’

219 2150 338 2203 Circums
358 2150 364 2163 '
376 2168 383 2213 ;
402 2150 534 2218 quendem
545 2150 605 2203 volo
616 2151 699 2204 visere
710 2167 764 2203 non
772 2150 826 2204 bibi
837 2159 938 2203 notum.

218 2218 299 2271 Trans
311 2219 341 2271 'li
374 2218 425 2271 rim
436 2219 513 2287 longe
525 2218 606 2272 cubet
617 2219 648 2288 is,
659 2235 739 2288 prope
751 2218 858 2273 Gaesoris
870 2218 979 2271 hortcs.''

218 2287 260 2339 “N
260 2288 280 2339 il
291 2286 374 2340 habeo
387 2288 457 2355 quod
468 2304 545 2356 egem
555 2293 581 2340 ol
588 2304 643 2340 non
654 2304 713 2341 sum
722 2288 813 2369 piger;
824 2305 907 2357 usque
959 2304 1006 2341 uor

217 2355 334 2409 Demitlo
346 2356 483 2422 auriculas,
495 2361 526 2409 ut
538 2356 636 2437 iniquus
646 2362 744 2410 mentis
754 2356 858 2423 ssellm,
959 2357 1007 2409 le!

219 2425 306 2487 Quum
318 2425 424 2491 grovim
436 2425 510 2476 dorso
522 2424 603 2477 subiri
615 2442 687 2479 onus.
723 2425 822 2494 Incipit
833 2426 896 2480 ille:
970 2428 1005 2481 21

218 2493 270 2545 “Si
282 2491 348 2544 bene
359 2509 402 2545 me
413 2492 482 2559 novi,
494 2509 548 2545 non
560 2493 670 2546 Viscum
682 2494 766 2562 pluris
777 2495 901 2562 smicum,

221 2561 281 2613 Non
293 2560 403 2614 Varium
415 2560 495 2613 socies
507 2580 514 2625 3
531 2577 594 2613 nom
606 2562 664 2630 quis
675 2580 718 2615 me
729 2563 841 2617 scribere
851 2562 939 2631 plures

218 2631 273 2682 Aul
285 2629 364 2682 cilius
395 2628 458 2681 ossii
469 2645 558 2681 versus
570 2629 581 2681 l
598 2629 658 2697 quis
668 2631 786 2684 membro
796 2648 904 2685 movere

218 2696 346 2750 Molliusi
380 2697 490 2749 nvideot
538 2697 571 2749 od
583 2703 611 2749 et
623 2697 808 2766 Hermogenes,
821 2716 869 2768 ego
881 2693 981 2753 canu?

221 2765 413 2833 interpellandi
424 2714 552 2817 locusbic
564 2771 636 2817 eret:
654 2765 724 2818 “Est
736 2766 786 2819 tibi
797 2775 889 2835 meter,

219 2830 573 2901 Cognatiquisbesulroesto
591 2831 1007 2906 usl”—“Heudmihiquisqusm.

220 2901 316 2955 Omnes
327 2899 563 2970 composui.”-“F
591 2902 660 2955 'cesi
678 2918 752 2962 nunc
762 2918 810 2972 ego
821 2911 898 2959 recu
