2409 3317
410 372 622 429 SATIRARUM
642 372 725 429 ltu
914 378 963 431 179

172 484 226 538 Per
238 493 321 552 ceput
333 486 360 536 et
372 482 442 536 circe
453 482 553 536 saliunt
565 483 644 537 letus.
679 486 773 539 “Ante
787 485 928 539 secundam

172 553 285 608 Roscius
297 549 391 605 orebst
404 552 453 605 sibi
471 552 573 606 adesses
585 553 620 607 sd
632 554 728 609 Puteel
740 555 821 609 cres.‘’

172 624 237 677 “De
248 639 277 676 re
289 623 421 675 communi
434 621 525 675 scribes
537 640 564 675 m
601 640 635 678 ns
647 630 728 694 etque
740 641 809 677 nove
820 630 847 678 te

172 692 292 746 Orebcnt
304 690 382 744 hodie
394 692 563 758 meminisses,
599 693 681 760 uinte,
694 692 814 747 reverti.'’

169 762 189 793 “
198 761 339 830 Imprimst
351 760 399 828 his,
409 777 480 828 curs,
492 761 623 815 Mecenss
636 763 713 831 signs
726 760 855 817 tabellis.”

170 830 285 897 Dixeris,
298 829 313 857 “
321 828 451 899 llxperier
460 831 484 885 :''
502 830 554 884 “si
565 831 613 898 ris,
625 832 723 901 pctss,¹⁸
735 831 952 887 adulterinum

173 898 308 967 Septimus
319 907 412 954 cctevo
424 902 529 971 propior
536 904 593 971 jem
605 904 706 971 fugerit
717 921 810 973 sunus,
931 908 967 958 40

173 966 216 1019 Ex
228 985 279 1037 quo
292 968 423 1023 Messenes
433 987 477 1023 me
488 971 568 1092 clegit
579 969 675 1025 hebere
687 989 794 1026 suorum

174 1034 207 1089 In
219 1053 342 1102 numero;
360 1039 528 1093 dumtsxete
558 1040 616 1108 hoc,
645 1058 706 1094 uem
718 1042 809 1095 tollere
821 1041 904 1097 rhode

174 1103 263 1158 Vellet
274 1105 326 1159 iter
337 1107 436 1161 inciens
447 1114 475 1162 et
487 1109 531 1163 cui
542 1126 591 1163 con
653 1126 696 1164 ere
707 1126 793 1180 nugas

174 1172 236 1298 Hosc
253 1182 466 1305 genusrvs‘llore
482 1188 565 1253 quote
581 1190 621 1238 est
632 1182 658 1239 l'’
675 1182 787 1239 “l'lrrex
805 1190 846 1239 eet
864 1185 968 1241 Gellius

172 1264 414 1387 Matutinawpemm
427 1325 517 1373 centos
524 1321 581 1389 jem
593 1320 692 1388 frigore
703 1321 831 1374 mordent

172 1384 209 1439 llt
221 1402 280 1454 quse
290 1387 386 1441 rlmose
396 1387 463 1441 bene
474 1388 642 1456 deponuntur
653 1389 682 1440 in
694 1406 765 1441 eure.

172 1452 225 1507 Per
236 1459 323 1508 totum
335 1454 385 1508 hoc
396 1462 500 1525 tempus
512 1456 653 1523 subjectior
665 1458 693 1508 in
704 1456 776 1509 ‹liem
788 1462 815 1509 et
826 1454 918 1511 horem

173 1522 286 1576 Invidia
298 1529 392 1578 noster.
427 1523 514 1577 nudos
526 1530 690 1592 spectaverat
702 1541 762 1591 uus,

171 1591 284 1645 Luserat
295 1592 324 1644 in
337 1593 447 1661 Oumpo:
465 1592 589 1645 Fortuuae
600 1592 679 1661 filius,
692 1609 788 1647 omnes.

171 1659 297 1729 Frigidus
309 1677 326 1715 e
338 1661 437 1715 Rostris
449 1668 540 1714 menet
553 1678 600 1730 per
612 1661 727 1731 compita
739 1678 843 1716 rumor:
931 1665 965 1715 60

172 1732 330 1801 Quicunque
341 1731 432 1785 obrius
444 1740 491 1800 est,
503 1750 545 1785 me
557 1732 688 1785 consulit:
708 1732 752 1785 “0
766 1731 840 1797 bone,
865 1744 926 1782 nem
939 1736 966 1781 te

171 1799 251 1867 Scire,
264 1801 332 1856 Deos
344 1802 469 1871 quonism
480 1800 587 1871 propius
599 1800 738 1870 contingis,
751 1818 766 1854 0
801 1803 861 1866 rtet,

171 1868 309 1939 Numquid
321 1871 353 1924 de
365 1872 445 1925 Decis
456 1870 556 1925 audisti
565 1869 596 1925 l”
614 1871 629 1900 “
637 1871 683 1923 Nil
695 1871 755 1941 equi
774 1869 840 1923 em.’'
861 1866 922 1921 “Ut
934 1874 965 1919 tu

171 1936 279 2007 Semper
290 1940 340 1993 eris
352 1940 483 1994 derisorl”
501 1941 516 1969 “
526 1940 562 1993 At
573 1956 663 1993 omnes
675 1939 711 1994 Di
724 1940 862 2007 exegitent
872 1954 922 2003 me,

173 2006 204 2057 Si
216 2007 281 2074 quid
300 2007 386 2061 uem.“
413 2008 508 2074 “Quid
518 2008 529 2061 l
545 2008 677 2061 militibus
707 2009 816 2061 remisse
827 2007 967 2075 'lriquetru

172 2072 275 2125 Proedis
371 2114 379 2141 ,
391 2089 425 2126 en
437 2080 478 2126 est
490 2073 560 2127 Itale
571 2075 666 2128 tellure
697 2082 789 2128 sturm
797 2074 826 2128 l”

172 2139 192 2193 J
193 2146 313 2192 urentem
325 2155 368 2193 me
380 2142 445 2194 scire
456 2141 524 2193 nihil
536 2143 668 2195 mirentur
679 2150 711 2195 ut
723 2160 807 2195 unum

171 2206 279 2261 Scilicet
370 2209 388 2260 ‘i
400 2209 538 2262 mortelem
549 2210 651 2278 ultique
663 2210 761 2264 silenti.

171 2275 297 2330 Perditur
329 2294 366 2329 aec
377 2277 447 2330 inter
457 2278 551 2330 misem
563 2278 612 2331 lux
623 2296 677 2332 non
689 2279 745 2331 sine
757 2278 839 2333 votis:

172 2345 258 2413 Orus,
267 2346 373 2415 queudc
385 2363 433 2428 ego
445 2352 472 2399 te
484 2346 644 2416 adspicieml
661 2348 818 2417 quandoque
827 2347 918 2403 licebit
930 2353 963 2403 60

170 2414 250 2468 Nunc
262 2422 380 2469 veterum
393 2414 473 2483 libris,
486 2431 558 2468 nunc
569 2433 660 2469 somno
671 2422 699 2469 et
710 2417 839 2471 inertibus
851 2418 921 2473 horle

170 2482 273 2538 Ducere
285 2484 404 2539 solliciter
412 2484 532 2555 jucunde
543 2484 641 2539 oblivis
652 2485 733 2540 vitet

171 2551 194 2605 0
206 2554 310 2620 quando
322 2554 384 2607 labe
396 2554 552 2623 Pythagoroe
565 2560 678 2623 ccgnete
689 2554 821 2625 simulque

171 2620 259 2675 Uncts
271 2623 335 2676 setis
346 2623 441 2692 pingui
486 2629 584 2677 nentur
592 2623 711 2678 oluscule
722 2624 813 2678 lrrdcl

171 2689 195 2743 0
206 2698 295 2744 noctes
307 2708 437 2761 coeuoeque
474 2692 550 2748 erim!
569 2694 666 2761 quibus
677 2694 732 2762 ipse
743 2694 847 2762 meique

171 2759 242 2813 Ante
253 2759 335 2813 lrrcm
347 2761 481 2829 proprium
493 2778 582 2815 vescor
592 2778 737 2830 ver-resque
749 2778 871 2843 procaces

171 2826 253 2881 Pssco
265 2827 353 2883 libetis
365 2828 483 2898 dapibus.
519 2829 601 2884 Pmut
613 2831 708 2900 cuique
720 2829 800 2883 librdo
812 2834 859 2897 ert,

171 2894 261 2950 siccet
271 2897 414 2968 inequales
426 2898 520 2952 cslicss
532 2900 644 2953 convive
655 2899 756 2952 solutus

172 2964 285 3036 legibus
297 2966 404 3037 insanis,
416 2984 463 3021 seu
474 2967 534 3038 quis
546 2968 618 3038 cepit
629 2966 700 3021 ecrit
711 2966 787 3021 fortir
