2409 3317
403 378 659 436 EPIS'I'OLARUM
678 384 701 438 1.
720 387 798 438 3-5.
941 383 991 435 196

204 478 280 533 Inter
291 496 364 550 spem
375 498 525 551 curemque,
537 480 643 533 timores
655 480 726 533 inter
735 485 765 533 et
776 481 835 546 ires,

204 548 315 602 Omnem
326 550 402 603 crede
415 550 484 603 diem
496 549 546 602 tibi
558 549 685 602 diluxisse
698 564 849 619 supremum
859 565 866 613 ;

202 616 286 671 Grato
297 620 469 688 superveniet,
481 634 541 739 «ἓιιω
552 635 607 671 non
619 616 773 687 spersbitur,
784 617 855 670 hom

202 685 248 739 Me
260 687 386 756 pinguem
396 694 424 740 et
435 687 488 740 niti
506 704 552 740 um
563 687 630 740 bene
642 693 735 741 curm
746 692 807 739 oute
819 686 893 753 viset,

203 754 292 820 Quum
302 756 387 809 ridere
399 757 478 825 voles,
490 756 600 825 Epicuri
612 756 645 809 de
656 772 735 825 grege
747 772 863 824 porcum.

344 935 521 992 EPiSTOLA
539 937 647 993 V.-·so
660 954 839 1003 remorsus.
948 964 950 973 ·

199 1033 231 1088 Sr
243 1039 317 1104 potes
330 1035 464 1088 Archiacis
475 1035 587 1088 convivo
596 1035 747 1088 reosrmbere
759 1035 834 1091 lestis

198 1102 226 1156 N
226 1120 256 1157 eo
267 1103 370 1158 modice
382 1120 484 1157 coenare
494 1104 572 1157 times
584 1104 643 1157 olus
654 1120 731 1157 omne
742 1104 849 1173 petella,

198 1171 326 1242 Supremo
337 1178 365 1226 te
377 1173 430 1226 sole
442 1172 520 1240 domi,
533 1172 670 1257 Torquate,
683 1172 800 1227 msnebo.

202 1241 270 1295 Vino
281 1241 353 1295 bibes
364 1242 462 1297 iterum
473 1242 559 1295 'l'ouro
571 1242 668 1294 diffuse
679 1241 810 1311 pelustres

198 1309 273 1363 Inter
285 1310 435 1364 Minturnas
447 1310 686 1379 Sinuessanumque
699 1310 845 1364 Petrinum

197 1376 227 1430 Si
238 1379 333 1431 melius
344 1380 409 1448 quid
421 1378 508 1445 hebes,
521 1395 621 1433 erooese
632 1379 675 1432 vel
688 1379 828 1447 imperium
839 1379 887 1433 ier.

197 1445 218 1498 J
218 1446 363 1499 emdudum
374 1447 496 1517 splendet
506 1449 581 1499 focus
593 1452 623 1515 et
632 1447 682 1499 tibi
693 1447 794 1499 munds
805 1446 931 1516 supellex.

197 1512 279 1567 Mitte
291 1515 361 1567 leves
373 1532 431 1585 spes
443 1520 470 1567 et
482 1515 628 1568 certamine
639 1514 794 1568 divitiarum

196 1580 234 1636 1tt
245 1583 348 1636 Moschi
360 1600 481 1636 cesum:
499 1600 557 1637 ores
568 1588 633 1636 nete
646 1582 746 1635 Osessre
756 1583 839 1637 festus

195 1651 251 1705 Det
263 1652 368 1705 veniam
380 1668 551 1721 somnumque
563 1650 634 1716 ‹lies3
651 1650 760 1720 impune
772 1651 862 1705 lioebit
957 1656 989 1705 10

195 1721 328 1774 AEstircm
339 1738 457 1774 sermone
467 1721 583 1789 benigno
594 1720 703 1773 tendere
715 1728 826 1775 noctem.

196 1789 253 1855 Quo
265 1789 331 1841 mihi
342 1790 485 1857 fortunam,
497 1790 585 1842 sinon
597 1790 750 1843 conceditur
761 1790 820 1844 util

194 1856 294 1911 Porcus
306 1858 338 1911 ob
350 1856 453 1913 heredis
465 1875 556 1913 curem
568 1858 734 1927 nimiumque
746 1876 850 1913 revertis

195 1925 301 1979 Assidet
312 1927 419 1981 insono:
436 1933 528 1999 potore
538 1935 567 1982 et
579 1942 702 1997 sporgere
713 1927 789 1981 flores

195 1993 329 2115 Incipiam
341 1996 479 2065 pstisrque
490 1997 532 2049 vel
544 1997 712 2049 inconsultus
724 1996 821 2049 heberi.

196 2062 247 2127 Qui
277 2079 331 2115 non
342 2065 454 2117 ebrietes
465 2065 606 2133 designati
642 2065 741 2133 Operts
752 2066 873 2132 recludit,

194 2129 258 2198 Spes
266 2131 344 2199 jubet
355 2148 410 2184 esse
421 2139 499 2198 retes,
511 2133 546 2186 ed
558 2132 651 2201 proelio
663 2132 749 2184 trudit
761 2134 872 2185 inertem
882 2151 890 2197 ;

195 2196 321 2253 Sollicitis
332 2200 427 2251 enimis
440 2216 505 2253 onus
517 2200 619 2266 eximit,
631 2199 742 2252 addocet
754 2206 830 2253 artes.

194 2264 314 2319 Fecundi
325 2266 419 2320 culices
431 2284 509 2337 quem
521 2285 574 2320 non
584 2268 672 2320 fecere
684 2268 828 2321 disertum?

194 2334 335 2388 contrecto
347 2352 425 2404 quem
437 2336 531 2389 nonin
579 2341 701 2404 uperttte
712 2337 848 2390 solutuml
952 2338 986 2391 20

193 2402 260 2457 Hoeo
272 2420 320 2472 ego
331 2421 469 2472 precinere
481 2405 531 2457 eti
549 2421 630 2457 oneus
642 2404 755 2473 imperor
767 2413 794 2459 et
805 2423 859 2461 non

193 2471 307 2539 Invitus,
319 2490 353 2525 ne
365 2478 443 2542 turpe
455 2473 530 2540 torni,
543 2490 577 2525 ne
589 2473 694 2527 sordide
705 2490 768 2545 msp
918 2502 924 2509 ·

192 2540 272 2593 Corru
306 2546 319 2592 t
331 2558 414 2609 nares,
426 2559 460 2594 ne
471 2558 525 2595 non
537 2548 565 2595 et
576 2542 720 2596 centhurus
732 2550 759 2598 et
769 2492 836 2599 lslnx

193 2608 275 2662 Osten
309 2614 323 2662 t
333 2609 384 2663 uti
396 2616 431 2678 to,
443 2628 477 2664 ne
488 2610 555 2664 fidos
565 2611 637 2664 inter
648 2613 745 2667 smioos

192 2676 234 2731 Sit
245 2678 292 2747 qui
304 2678 376 2731 dicte
387 2678 457 2733 foros
469 2679 595 2746 eliminet,
608 2686 640 2732 ut
650 2684 727 2735 colet
739 2698 787 2751 ptr

192 2745 382 2829 iungaturque
393 2748 458 2817 peri
494 2749 607 2802 Butram
619 2749 669 2801 tibi
681 2748 884 2818 Septiciumque,

192 2814 229 2869 Et
240 2816 292 2869 nisi
303 2833 378 2870 ooens
389 2818 460 2889 prior
471 2818 609 2887 potiorque
621 2817 711 2889 puello
723 2816 850 2870 Sabinum
