2409 3317
487 355 490 360 ·
550 342 702 404 HORAurr

306 456 369 509 Heu
380 455 464 512 heur!
484 462 599 526 quantus
611 456 694 525 equis,
706 460 822 524 quantus
834 453 908 507 adest
921 452 983 504 viris

306 524 404 580 Sudor!
425 531 526 594 quanta
536 543 626 579 mores
638 526 733 578 funera
743 524 875 577 Dardanus
994 523 1026 571 10

306 594 400 649 Genti!
436 595 501 648 Jam
512 594 616 663 galeam
627 592 716 646 Pallas
728 600 755 646 et
767 593 853 661 aegida

341 662 489 733 Ourrusqrre
501 671 529 717 et
540 663 641 717 rabiem
652 670 737 733 parat.

306 730 490 801 Nequioquum
501 732 610 785 Veneris
622 732 743 801 praesidio
755 732 830 784 ferox

306 799 399 853 Pectes
411 802 551 869 caesariem,
563 807 691 870 gratoque
702 802 808 853 feminis

307 867 412 921 Imbelli
423 870 526 924 cithara
539 871 656 924 carmina
668 870 785 933 dirides;

341 936 526 1008 Nequicquam
537 938 655 992 thalnmo
666 956 759 1007 graves

308 1005 408 1059 Hastas
420 1014 447 1061 et
459 1008 555 1061 calami
567 1008 670 1077 spicula
682 1008 773 1061 Gnosii

307 1074 412 1129 Vitabis
424 1077 617 1146 strepitumque
629 1084 657 1130 et
668 1077 779 1129 celerem
792 1075 866 1144 sequi

306 1144 430 1211 Ajacem
447 1151 537 1198 tamen
549 1146 603 1197 heu
615 1162 686 1198 serus
697 1145 829 1198 adulteros

343 1213 433 1267 Orines
445 1214 553 1282 pulvere
565 1213 679 1267 collines.

308 1280 335 1334 N
335 1293 387 1333 ouq
400 1282 567 1349 Laertiaden,
580 1282 693 1335 exitium
705 1287 760 1337 ture

309 1352 396 1419 Genti,
408 1359 482 1405 nonq
494 1351 602 1431 Pylium
615 1352 726 1405 Nestora
737 1352 864 1419 respicis?

309 1419 412 1539 Urgent
423 1419 551 1487 Mparrdi
563 1424 590 1471 te
602 1418 762 1472 Salaminius

365 1504 443 1541 eucer
454 1494 481 1541 et
493 1487 635 1541 Sthenelus
647 1489 731 1541 sciens

310 1554 419 1625 Pugnae,
433 1558 487 1610 sive
499 1575 564 1626 opus
576 1563 616 1610 est
628 1558 779 1639 imperitare
791 1557 872 1625 equis,

309 1624 370 1677 Non
382 1626 475 1693 auriga
487 1627 567 1693 piger.
603 1626 741 1678 Merionen
752 1642 855 1693 quoque

309 1693 413 1746 Nosces.
448 1694 515 1745 Ecce
528 1694 595 1745 furit
607 1699 634 1745 te
645 1694 759 1760 reperire
769 1699 848 1745 atrox

345 1761 458 1829 Tydides
470 1760 561 1813 mehor
573 1766 663 1829 petre;
712 1778 721 1795 ·

312 1830 396 1895 Quem
408 1836 440 1882 tu
452 1846 543 1881 cervus
555 1830 597 1881 uti
609 1829 686 1881 vallis
697 1829 727 1881 in
739 1829 822 1882 altera

310 1898 406 1951 Visum
416 1903 492 1980 perte
503 1898 598 1966 lupum
609 1898 736 1965 graminis
748 1899 884 1951 immemor
996 1903 1031 1952 30
1111 1915 1113 1922 ·

311 1967 424 2021 Sublimi
436 1966 523 2034 fugies
534 1966 621 2019 mollis
632 1966 761 2032 anhelitu,

346 2036 406 2089 Non
418 2035 468 2088 hoc
479 2034 614 2104 pollicitus
627 2042 687 2088 tuae.

311 2104 443 2158 Iracunda
455 2104 525 2157 diem
537 2105 653 2174 proferet
665 2105 715 2157 Ilio

312 2174 493 2243 Matronisque
505 2172 643 2242 Phrygum
654 2174 743 2227 classis
755 2174 869 2228 Achillei
878 2195 886 2239 ;

311 2243 375 2296 Post
387 2249 471 2296 certas
483 2242 581 2296 hiemes
592 2249 653 2296 uret
665 2243 797 2299 Achaicus

348 2308 421 2381 Ignis
434 2312 529 2365 Iliacas
542 2311 655 2365 domos.”

329 2485 477 2541 cnurfflu
494 2485 758 2539 XVI.—runrron1r
771 2501 808 2539 sn
821 2501 939 2539 arucsn.

311 2582 333 2634 0
346 2595 441 2633 usrrn
453 2578 564 2649 pulchre
575 2579 632 2633 filie
642 2580 783 2649 pulchrior,

312 2650 396 2714 Quem
408 2648 551 2701 criminosis
563 2665 616 2700 cun
633 2666 666 2701 ue
677 2650 748 2703 voles
758 2649 867 2704 modum

346 2718 431 2769 Pones
442 2716 536 2769 iambis
556 2716 611 2769 sive

381 2784 442 2837 sive
453 2784 520 2844 mari
532 2756 596 2837 libet
609 2784 753 2839 Haemo.

312 2878 396 2919 rursu
559 2910 561 2915 .
598 2912 600 2915 .
842 2886 850 2911 ⁸
865 2880 921 2918 Num
