2409 3317
389 296 583 357 eAstUM
600 294 648 349 IV.
659 293 753 344 9-11·
932 300 967 350 9⁶

288 418 435 487 Consulqus
446 431 499 469 non
511 412 590 466 unius
602 410 674 479 enni,

318 486 369 539 Sed
382 486 483 554 quoties
494 485 578 538 bonus
590 491 671 553 atque
682 483 751 535 fidus
936 480 972 532 40

249 555 269 607 J
270 554 340 607 udex
352 554 492 608 honestum
504 554 624 623 praetulit
634 553 704 620 utili,

252 622 354 676 Re‘eeit
366 624 420 677 alto
433 624 502 676 donn
513 624 666 676 nocentium

286 641 378 759 i'ultu,
390 708 437 774 per
449 692 582 745 obstentes
593 697 711 744 estervss

320 760 458 830 Exphcuit
469 778 517 813 suu
529 762 613 814 victos
623 777 705 814 nme.

251 829 312 881 Non
324 830 500 899 possidentem
511 830 596 882 mults
607 829 741 883 vocaveris

256 898 337 951 Recte
348 898 468 952 beatum:
487 899 584 951 rectius
597 904 708 966 oeeupst

290 970 393 1021 Nomen
405 968 483 1035 beuti,
495 968 541 1036 qui
552 967 669 1020 Deorum

326 1035 482 1089 Muneribus
494 1037 625 1104 sapienter
637 1036 679 1088 uti

255 1111 406 1175 Duramque
419 1104 498 1158 eeilet
509 1106 663 1175 pauperiem
675 1104 732 1173 peti

256 1177 386 1245 Pejusque
398 1174 451 1227 leto
463 1173 594 1242 flagitium
607 1174 693 1239 timet,
946 1174 979 1224 50

291 1246 351 1297 Non
362 1243 408 1296 ille
419 1260 466 1311 pro
478 1244 545 1295 euris
557 1243 649 1295 amieis

328 1313 383 1363 Aut
395 1312 483 1380 petris
494 1312 603 1365 timidus
615 1313 708 1381 perire.

366 1492 514 1546 OARMEN
533 1494 639 1547 X.-nn
652 1509 821 1565 nieumnuu,

192 1612 214 1665 Ο
227 1621 364 1662 enunnms
377 1604 464 1657 adhue
476 1610 504 1657 et
516 1604 626 1657 Veneris
638 1604 790 1657 muneribus
803 1608 902 1685 potens,

193 1681 330 1747 Insperata
342 1680 395 1727 tuse
409 1688 491 1741 quum
503 1673 591 1727 veniet
602 1673 695 1753 pluma
707 1672 843 1753 supenbsae,

193 1748 236 1814 Et,
248 1763 307 1815 quse
319 1760 391 1796 nune
403 1743 519 1795 humeris
531 1743 682 1809 involitans,
695 1742 842 1795 deciderint
854 1756 942 1804 eomoe,

193 1818 219 1869 N
220 1832 272 1867 une
284 1821 311 1867 et
324 1830 370 1934 ῗιίι
382 1812 451 1865 color
463 1817 503 1865 est
515 1811 634 1880 puniceae
646 1811 709 1865 flore
720 1810 792 1880 prior
801 1826 874 1877 rose,

195 1886 317 1937 Mutatus
361 1881 487 1949 gurinum
498 1881 527 1932 in
539 1880 636 1933 faeiem
647 1880 757 1933 verterit
768 1879 908 1948 hispidum,

196 1955 282 2017 Dices,
294 1951 353 2017 heu,
367 1949 468 2018 quoties
480 1956 508 2002 te
520 1950 626 2019 speeuio
638 1950 735 2003 videris
747 1949 873 2002 alterum:

197 2024 263 2085 Quae
276 2036 349 2072 mens
362 2024 401 2071 est
413 2018 497 2085 hodie,
510 2036 557 2071 eur
569 2020 662 2072 eedem
673 2035 725 2070 non
756 2034 819 2070 uero
830 2016 891 2082 fuit,

199 2090 248 2141 Vel
261 2106 308 2140 eur
319 2088 361 2138 his
373 2087 468 2139 animis
479 2087 624 2140 incolumes
636 2103 689 2139 non
748 2091 813 2139 eunt
824 2083 915 2153 genesi

359 2252 507 2305 OARMEN
526 2253 646 2317 XL-nu
660 2267 835 2305 snsmnsu.

268 2365 322 2418 lies
335 2364 401 2417 mihi
413 2380 512 2416 nonum
524 2363 673 2432 superantis
685 2381 785 2418 annum

271 2434 368 2486 Plenus
381 2432 478 2486 Albani
490 2432 586 2495 esdus;
605 2439 644 2485 est
656 2433 685 2484 in
696 2433 779 2501 horto,

272 2502 369 2569 Phylli,
381 2502 517 2554 nectendis
530 2502 622 2570 spium
633 2502 734 2554 coronis
741 2522 748 2567 ;

343 2570 390 2623 Est
402 2570 505 2623 hederae
517 2571 557 2623 vis

274 2638 369 2705 Multu,
382 2656 434 2707 qus
446 2640 530 2692 crines
541 2638 655 2708 religate
666 2640 767 2708 fulges3

276 2707 356 2760 Ridet
367 2714 476 2776 argente
489 2709 595 2772 demus;
614 2725 661 2761 ere
673 2711 751 2762 esstis

275 2776 372 2828 Vinets
384 2776 502 2829 verbenis
514 2785 575 2831 eset
587 2777 722 2829 immolato

346 2844 468 2913 Spargier
479 2861 562 2914 ψη
