2409 3317
82 963 83 968 Ἰ
189 898 295 953 Derisor
306 900 369 954 lecti
381 903 418 955 sic
430 910 528 957 nutum
540 904 631 960 diuus

381 387 633 445 EPISTOLARUM
652 392 673 448 1.
695 394 734 460 17,
753 398 793 449 18.
935 403 986 453 sla

190 484 238 538 Est
250 485 313 567 huic
325 485 460 541 diversum
469 490 536 544 vitio
547 491 645 546 vitium
656 511 736 565 prope
747 499 841 565 majus.

190 555 324 622 Asperitas
336 556 447 624 agrestis
458 565 486 612 et
497 559 656 617 inconcinna
668 565 815 635 grecisque,

190 621 255 687 Ques
267 640 294 676 se
306 625 472 681 commendat
483 633 560 683 tonso
571 636 640 700 cute,
653 632 777 687 dentibus
788 635 861 703 stris,

189 690 262 772 Dum
273 692 333 746 vult
344 692 451 749 libertus
463 697 516 751 dici
527 716 600 754 mers
612 718 725 772 vereque
737 704 828 759 virtus.

190 760 283 813 Virtus
295 769 335 815 est
346 763 464 818 medium
474 767 600 822 vitiorum
612 775 639 823 et
651 772 775 842 utrinque
787 774 934 829 reductum

189 828 265 882 Alter
277 830 305 884 in
317 831 471 902 obsequium
482 836 543 905 plus
554 854 629 919 ecquo
641 857 738 962 {muts
750 847 778 896 et
789 843 837 899 imi
951 848 983 899 io

662 926 718 963 orro

190 966 233 1020 Sic
245 967 324 1022 iteret
336 987 411 1024 voces
423 978 451 1024 et
462 972 544 1027 verbe
555 975 679 1030 cedentis
690 950 769 1047 solite,
850 968 855 979 ’

190 1036 228 1089 Ut
259 1054 352 1091 uerum
362 1055 431 1093 suso
442 1041 532 1095 credes
544 1042 645 1098 dictate
656 1047 783 1115 magistro

249 1106 309 1188 dere
321 1107 364 1160 vel
375 1113 463 1177 portes
474 1110 585 1165 mimum
597 1118 711 1169 uectem
723 1118 855 1173 secundus.

189 1174 267 1227 Alter
277 1182 382 1230 rixetur
393 1175 426 1231 de
437 1178 500 1233 lune
511 1196 579 1251 snpe
590 1182 707 1252 caprino,

189 1242 360 1312 Propugnet‘
369 1249 448 1314 nugis
459 1254 576 1300 armatus
587 1264 593 1300 :
613 1249 626 1277 ‘⁴
636 1246 750 1309 Scilicet,
762 1250 793 1299 ut
804 1260 858 1298 non

190 1312 232 1365 Sit
241 1312 307 1364 mihi
337 1314 406 1367 rimu
416 1312 489 1377 fides,
497 1319 526 1367 et
536 1331 597 1369 vere
608 1316 679 1383 quod
709 1315 778 1367 lncct
790 1317 888 1365 utnon

189 1380 319 1454 Acritere
347 1387 414 1434 trem
425 1379 452 1433 P’
476 1380 596 1432 Pretium
608 1331 767 1451 sepositus
779 1378 872 1451 societ.

192 1441 271 1494 Ambu
299 1446 345 1494 tur
357 1442 421 1509 quid
433 1440 522 1493 enimi
540 1439 631 1491 Osstor
642 1443 708 1491 sous
719 1454 755 1491 ιιι
765 1438 889 1490 Dohchos
900 1434 974 1505 plus:

192 1511 267 1564 Brun
288 1510 364 1562 'sium
377 1508 483 1561 Minuci
495 1507 588 1560 melius
600 1507 644 1561 vis
656 1506 736 1559 ducet
748 1522 783 1559 ιιι
795 1504 875 1575 Appi.
950 1507 984 1557 20

194 1580 278 1645 Quem
290 1579 415 1632 damnoso
427 1578 525 1643 Venus,
536 1592 616 1645 quem
627 1590 742 1645 praeceps
754 1574 812 1628 slee
823 1573 915 1641 nudet,

194 1649 283 1703 Gloria
295 1665 374 1718 quem
384 1663 464 1715 supro
476 1645 545 1699 sires
556 1650 584 1699 et
595 1644 676 1699 vestit
687 1649 715 1698 et
726 1643 812 1712 ungit,

195 1719 280 1784 Quem
291 1723 365 1771 tenet
376 1714 480 1785 sugenti
491 1714 550 1768 sitis
561 1714 713 1784 importune
723 1713 864 1796 fomesque,

196 1788 280 1851 Quem
281 1785 455 1909 (pseupertstis
467 1785 552 1867 pudor
562 1790 590 1838 et
600 1784 673 1853 fuge,
684 1782 758 1837 dives
769 1800 871 1838 amicus

196 1856 269 1927 Saepe
300 1873 372 1909 ecem
382 1855 455 1909 vitiis
466 1854 620 1909 instructior
631 1853 688 1908 odit
699 1858 726 1908 et
737 1853 834 1922 horret,

195 1926 259 1993 Aut,
272 1926 294 1978 si
306 1943 359 1979 non
371 1924 434 1991 odit,
445 1924 515 1993 regit
526 1941 558 1979 sc
569 1923 654 1978 veluti
665 1923 711 1994 pis
720 1929 806 1978 meter

196 1993 261 2047 Plus
273 2012 353 2063 quum
365 2011 392 2047 se
404 2010 493 2063 sspere
505 1999 533 2047 et
544 1992 687 2047 virtutibus
699 2009 754 2047 esse
765 1992 878 2061 priorem

195 2065 270 2132 Vult,
281 2074 309 2118 et
320 2065 359 2117 sit
371 2080 452 2133 prope
463 2080 541 2118 vers:
564 2063 655 2116 “Men
666 2090 702 2101 -
713 2060 869 2115 contendere
881 2061 936 2115 noli
947 2088 984 2103 -

198 2131 347 2184 stultitiam
359 2130 500 2199 potiuntur
510 2146 586 2199 opes;
603 2128 655 2183 tibi
665 2132 776 2198 parvule
786 2144 827 2181 res
839 2135 891 2180 est:

82 2208 84 2222 ”
197 2198 472 2251 Arctsdecetsenum
483 2197 604 2251 comitem
616 2202 692 2265 togs;
710 2195 913 2249 desinemecum
951 2196 986 2247 ³0

82 2885 84 2906 V
201 2818 372 2872 Nectunlsu

200 2268 331 2325 certus?
366 2266 533 2337 Eutrapelum,
545 2267 694 2335 unicumque
706 2280 798 2319 nocere
809 2259 921 2327 volebet,

199 2334 365 2388 vestimentu
377 2336 458 2387 debet
470 2331 597 2401 pretiose:
615 2332 708 2384 boetus
720 2329 792 2384 enim
799 2331 857 2399 jem

199 2404 266 2458 (ium
277 2403 394 2486 pulchris
406 2400 505 2456 tunicis
516 2406 603 2455 sumet
615 2416 684 2455 nous
695 2398 804 2453 consilis
815 2404 842 2453 et
854 2416 920 2470 spes,

198 2474 318 2528 Dormet
330 2473 359 2527 in
370 2472 464 2540 lucem,
476 2476 561 2525 scorto
573 2474 713 2540 postponet
724 2469 865 2523 honestum

200 2542 330 2611 Officium,
341 2558 463 2596 nummos
474 2540 573 2594 alienos
584 2544 682 2610 poscet,
694 2538 729 2593 sd
740 2539 822 2593 imum

200 2612 288 2666 'I'hsex
300 2612 351 2665 erit
362 2617 410 2665 sut
421 2610 522 2665 olitoris
533 2614 595 2678 eget
607 2608 725 2663 mercede
737 2608 877 2663 cutellum

200 2682 336 2735 Arcanum
346 2696 432 2748 neque
442 2686 475 2733 tu
486 2678 644 2733 scrutsbcsis
655 2678 728 2733 illius
740 2694 872 2747 unqusm3

200 2750 373 2803 Commissum
390 2766 425 2801 ue
436 2755 509 2818 teges
520 2754 548 2802 et
559 2748 622 2802 vino
634 2752 719 2801 tortus
731 2751 758 2799 et
770 2746 810 2799 irs

374 2766 447 2871 flebis
460 2816 548 2870 studin
559 2823 607 2870 sut
618 2817 706 2869 niiens
717 2814 863 2885 reprendes,

389 2908 398 2931 ·
411 2906 497 2954 ussus,
506 2904 527 2944 d.
537 2904 552 2943 l.
562 2904 674 2955 mpsim
685 2902 811 2955 Ptopupnst,
