2409 3317
214 352 248 403 38
526 341 683 396 HORA'PII

315 450 351 503 Te
362 467 453 503 rursus
464 450 493 503 in
504 450 606 503 bellum
616 450 751 503 resorbens

347 520 426 573 Unde
439 521 513 573 fretis
525 519 590 572 tulit
602 518 729 572 aestuosis,

277 588 348 657 Ergo
360 589 504 657 obligatam
515 588 595 641 redde
608 589 628 642 J
629 588 672 641 ori
684 588 779 656 dapem

277 657 419 726 Longaque
431 658 530 710 fessum
541 658 640 710 militis
651 657 723 710 letus

312 726 353 779 De
387 743 421 779 ue
432 727 481 779 sub
493 728 571 779 lsuru
582 744 643 779 mea
654 744 704 779 nec
803 737 810 766 ι’

371 813 430 849 erce
442 796 514 849 cudis
527 795 577 847 tibi
589 795 736 848 destinatis.

278 863 411 918 Oblivioso
423 864 493 917 levis
504 864 619 917 Massico
749 874 751 878 '

277 933 381 987 Oiborie
393 933 478 1002 exple,
490 932 573 985 funde
585 932 726 1001 capacibus

312 1002 456 1069 Unguenta
468 1002 502 1054 de
513 1001 626 1054 conchis.
662 1001 728 1065 Quis
741 1001 792 1053 udo

348 1070 528 1139 Deproperere
540 1070 600 1137 apio
613 1086 720 1122 corones
828 1131 831 1135 A

278 1139 392 1191 (lurstve
403 1138 507 1206 myrtei
526 1155 603 1205 quem
617 1137 707 1189 Venus
718 1138 849 1190 arbitrum

277 1207 356 1260 Dicet
367 1206 492 1259 bibendi?
510 1206 571 1258 Nou
583 1222 632 1273 ego
643 1206 733 1258 sanius
831 1240 835 1245 -

313 1275 466 1329 Bsocbsbor
477 1275 589 1328 Edonis:
608 1280 713 1343 recepto

349 1343 433 1397 Dulce
444 1344 512 1397 mibi
523 1344 611 1396 furere
624 1349 663 1397 est
675 1344 767 1397 emico.

373 1570 523 1624 OARMEN
541 1569 693 1624 VHL-sn
707 1586 841 1623 ssnrrnn.

277 1698 356 1750 Unus
369 1697 391 1749 si
399 1697 467 1764 juris
480 1696 530 1749 tibi
542 1697 654 1765 pejeroti

278 1767 367 1833 Poene,
379 1766 483 1831 Berine,
496 1765 628 1817 nocuisset
639 1782 766 1833 unquam,

277 1836 365 1889 Dente
377 1835 399 1887 si
411 1834 487 1901 nigro
499 1833 573 1886 fieres
585 1834 629 1886 vel
640 1851 694 1887 uno
870 1832 872 1836 ’

349 1903 460 1971 'Purpior
472 1902 565 1970 ungui,

280 1972 425 2027 Crederem.
461 1970 513 2024 Sed
526 1976 564 2039 tu,
577 1971 657 2024 simul
669 1971 792 2039 obligasti

177 2096 187 2115 ·
278 2041 412 2095 Perfidum
423 2040 492 2093 votis
504 2047 591 2109 ceput,
605 2042 728 2094 enitescis

278 2110 416 2164 Pulchrior
426 2110 511 2163 multo
519 2112 701 2179 juvenumque
713 2108 802 2177 prodis

350 2179 461 2232 Publice
473 2196 543 2232 curn

277 2249 320 2302 Ex
374 2249 395 2301 't
407 2249 498 2301 metris
510 2249 611 2302 cineres
622 2253 726 2317 opertos

277 2318 299 2370 ll
337 2334 381 2370 ere
392 2323 420 2370 et
431 2323 487 2371 toto
499 2318 635 2370 taciturna
645 2316 732 2368 noctis

277 2386 360 2455 Signo
371 2403 433 2438 cum
444 2386 508 2438 coelo
520 2386 659 2453 gelideque
671 2384 753 2436 Divos

347 2454 434 2507 Morte
446 2459 571 2505 carentes.

278 2522 359 2576 Ridet
371 2521 427 2589 hoc,
439 2522 556 2588 inquam,
570 2521 660 2573 Venus
671 2521 737 2589 ipse,
749 2521 837 2574 rident

277 2590 414 2659 Simplices
426 2589 566 2656 Nymphae,
577 2590 650 2641 ferus
662 2595 690 2642 et
702 2590 803 2659 (lupido

276 2658 385 2727 Semper
396 2658 518 2710 ardentes
529 2674 627 2710 acuens
638 2659 750 2727 sagittus

349 2726 412 2779 Oote
424 2732 540 2779 cruente

277 2794 364 2859 Adde,
376 2794 446 2864 quod
458 2792 540 2863 pubes
551 2794 599 2849 tibi
614 2799 707 2851 crescit
718 2800 810 2867 omnis,

278 2863 397 2919 Servitus
409 2863 502 2918 crescit
513 2881 598 2931 novs3
616 2884 665 2921 neo
676 2868 775 2937 priores
