2409 3317
157 375 243 421 '88

528 372 682 428 Houauu

317 473 415 542 Virtus,
427 492 512 545 neque
525 476 657 529 imbellem
668 478 766 532 feroces

351 543 528 612 Progeuerrmt
540 546 637 614 oquiloe
648 547 810 603 columbam:

280 610 406 665 Doctrina
418 612 462 665 scd
475 614 529 666 rim
541 622 677 681 promovet
688 616 797 669 insitam

281 679 408 749 Rectique
420 682 506 734 cultus
517 689 624 751 pectora
634 684 772 750 roborant3

313 747 454 819 Utcumque
466 750 582 803 defecere
594 769 685 818 morea,

348 818 517 872 Indecoruntl
529 820 594 872 bene
607 827 671 873 nata
683 822 774 891 culpae.

278 886 347 950 Quid
360 886 461 954 debeas,
474 905 489 940 o
502 888 591 953 Romu,
604 889 758 959 Neronibus,

276 954 360 1007 l'estis
372 956 524 1009 Metaurum
536 957 636 1010 fiumen
648 964 675 1011 ct
688 960 839 1014 Hasdrubal

310 1024 436 1077 Devictus
449 1032 476 1078 et
487 1026 597 1095 pulcher
609 1028 710 1095 iugatis

345 1093 395 1145 Ille
407 1094 550 1147 dimicatio
562 1096 684 1164 tenebris,

275 1159 327 1225 Qui
338 1162 438 1230 primus
450 1163 521 1217 elme
531 1165 590 1217 risit
602 1165 704 1232 adorea,

274 1229 354 1281 Dirus
366 1247 413 1298 per
425 1231 500 1285 urbes
512 1232 576 1285 Afer
587 1238 620 1285 ut
633 1234 715 1287 Italus

309 1297 362 1350 Oeu
373 1298 480 1353 flamma
491 1318 538 1370 per
549 1302 632 1355 taedas
644 1304 685 1356 vel
697 1306 784 1359 Eurus

343 1367 394 1421 Per
405 1368 506 1423 Siculos
518 1372 648 1439 equitavit
660 1374 752 1428 undas.

274 1434 338 1487 Post
349 1436 398 1490 hoc
410 1440 531 1492 secrmdis
542 1458 626 1509 usque
638 1441 770 1497 laboribus

273 1504 391 1559 Romane
401 1508 485 1576 pubes
497 1510 580 1562 crevit
592 1516 620 1563 et
630 1510 712 1580 impio

308 1573 420 1629 Vastate
432 1576 572 1631 Poenorum
584 1581 705 1633 tumultu

342 1644 416 1697 Fauo
427 1645 496 1699 Deos
507 1647 621 1701 habuere
633 1656 724 1717 rectos,

271 1710 398 1779 Dixitque
410 1714 518 1767 tandem
530 1716 646 1783 perfidus
659 1718 808 1772 Hannibal:

274 1783 288 1808 “
298 1786 379 1852 Uerri,
392 1786 515 1853 luporum
526 1788 617 1855 praeda
628 1790 771 1867 rapacium,

304 1850 442 1901 flectamur
454 1852 530 1918 ultro,
544 1869 609 1921 quoa
620 1871 723 1923 opimus

338 1917 441 1971 Fallere
453 1924 480 1973 et
492 1920 606 1989 effugere
617 1929 657 1975 est
669 1926 828 1996 triumphus

269 1986 345 2052 Gens,
358 2004 416 2055 quae
428 1995 543 2042 cremato
554 1990 631 2044 fortia
642 1992 676 2046 ab
688 1994 739 2047 Ilio

268 2055 288 2106 J
287 2060 380 2109 actutu
390 2057 479 2110 Tuscis
492 2059 647 2128 oequoribus,
659 2078 739 2132 mmo,

301 2124 435 2195 Notosque
447 2134 614 2197 maturosque
645 2138 715 2185 atres

337 2194 452 2249 Pertulit
463 2196 592 2251 Ausonius
650 2201 736 2270 urbes,

264 2262 345 2316 Duris
357 2270 389 2317 ut
400 2265 454 2318 ilex
467 2271 542 2319 tonsa
553 2266 712 2337 bipennibus

264 2331 290 2385 N
293 2333 299 2345 '
367 2335 448 2387 feraci
459 2335 559 2391 frondis
571 2337 600 2389 in
612 2338 716 2406 Algido,

323 2420 351 2454 er
362 2403 465 2471 demna,
478 2421 525 2473 per
536 2406 619 2460 caedes
630 2406 665 2459 ab
676 2408 734 2527 ipso

333 2470 416 2524 Ducit
426 2488 489 2541 opes
499 2474 670 2544 animumque
693 2494 757 2530 erro.

262 2538 289 2591 N
290 2556 323 2591 on
336 2539 430 2607 Hydra
442 2547 512 2593 secto
524 2559 629 2611 corpore
641 2544 740 2597 firmior

264 2606 342 2659 Vinci
355 2608 486 2660 dolentem
499 2612 582 2663 crevit
593 2613 623 2665 in
635 2612 786 2684 Herculem,

298 2675 481 2728 Monstrumve
493 2674 636 2733 submisere
649 2682 739 2735 Colchi

331 2742 419 2811 Majue
432 2744 599 2799 Echioniaeve
611 2749 714 2804 llaebae.

513 2885 521 2914 ¹
534 2894 660 2935 dedecorent

959 1796 993 1843 50
