2409 3317
403 379 618 436 SATIRARUM
636 380 677 436 Il.
696 383 721 435 3.
909 380 960 433 169

174 480 256 533 Hunc
268 477 457 533 circumtonuit
468 480 585 548 gaudens
597 480 706 534 Bellona
718 479 840 534 cruentis.

173 548 252 601 Nunc
263 565 313 617 age
324 547 457 601 luxuriam
469 556 496 603 et
508 550 704 603 Nomentanum
715 550 802 619 arripe
812 565 930 603 mecum:

174 617 271 671 Vincet
283 618 353 670 euim
365 618 460 671 stultos
471 619 539 671 ratio
551 620 666 672 insanire
677 637 711 671 ne
745 625 792 673 tes.

175 685 231 738 Hic
243 686 321 740 simul
333 687 435 755 aceepit
446 686 589 757 patrimoni
602 688 676 741 mille
727 694 797 757 enta,

173 754 270 821 Edicit,
283 756 397 825 piscator
409 756 456 823 uti,
468 757 608 825 pomarius,
620 774 723 827 auceps,

175 823 372 892 Unguentarius
383 842 415 879 ae
427 826 505 878 lusci
517 826 594 879 turba
606 826 689 895 impia
700 825 760 894 rici,

175 892 241 945 (lum
254 893 348 945 scurris
359 894 450 961 fartor,
462 910 523 946 cum
535 894 647 947 Velabro
659 912 735 948 omne
746 894 895 963 macellum,
913 897 965 948 229

176 960 369 1015 Menedemum
377 963 492 1016 veniant.
509 962 579 1027 Quid
588 963 664 1016 tuml
680 963 798 1017 Venere¹¹
807 964 965 1033 frequentes.

175 1027 261 1082 verbe
272 1030 338 1083 facit
349 1029 419 1082 leno:
439 1031 594 1100 “Quidquid
607 1031 681 1097 mihi,
693 1032 824 1101 quidquid
836 1039 863 1085 et
876 1032 968 1083 horum

178 1096 979 1179 Cuiquedomiestidersdetuumetvelnuncpstevelemu
1077 1118 1081 1125 .

179 1166 282 1235 Accrpe‚
295 1168 359 1235 quid
371 1177 462 1222 contra
469 1168 575 1237 juvenis
586 1168 749 1237 responderit
761 1183 865 1237 oequus:

179 1240 195 1267 “
203 1238 237 1291 lu
248 1237 310 1291 nive
322 1238 429 1291 Lucana
441 1237 537 1290 dormis
549 1242 675 1300 ocreatus,
687 1242 719 1287 ut
731 1252 825 1304 aprum

179 1302 283 1356 Coenam
296 1320 356 1371 ego:
374 1309 406 1356 tu
418 1304 501 1372 pisces
514 1304 623 1356 hiberno
635 1321 669 1356 ex
680 1320 783 1372 sequere
794 1301 890 1365 rerris;

180 1369 272 1438 Segnis
284 1388 332 1438 ego
344 1371 469 1439 indignus
482 1372 527 1440 qui
539 1377 646 1424 tantum
656 1371 815 1440 possideam:
833 1370 923 1422 aufer!

180 1438 260 1492 Sume
271 1439 322 1491 tibi
333 1439 426 1505 decies,
438 1440 488 1492 tibi
499 1440 672 1504 tantundem3
690 1440 740 1491 tibi
751 1439 857 1507 triplex,

180 1507 258 1561 Unde
269 1524 337 1560 uxor
348 1508 436 1560 media
447 1508 529 1560 currit
542 1507 574 1560 de
585 1514 663 1560 nocte
675 1508 791 1560 voeata”

180 1576 266 1629 Filius
277 1575 369 1645 AEsopi
380 1575 525 1629 damaetam
537 1593 570 1629 ex
583 1593 647 1629 aure
660 1575 783 1641 Metellae,

181 1644 288 1699 Scilicet
299 1651 331 1699 ut
343 1645 429 1699 decies
441 1645 553 1698 solidum
565 1642 730 1711 obsorberct¹,
742 1648 817 1696 aceto
920 1644 971 1694 240

181 1714 269 1767 Diluit
280 1714 411 1784 insignem
423 1713 543 1768 mecam:
560 1714 608 1784 qui
622 1714 714 1780 sanior,
726 1730 757 1766 ae
769 1712 792 1765 si

182 1784 256 1837 Illud
268 1784 338 1838 idem
350 1785 379 1837 in
390 1784 513 1852 rapidum
524 1784 623 1837 fiumen
630 1786 763 1866 jaceretse
775 1779 908 1835 clueant

183 1853 277 1919 Quinti
288 1854 424 1923 progenies
436 1852 505 1921 Arri,
518 1870 566 1922 par
577 1853 664 1906 nobile
675 1853 796 1919 fratrum,

182 1923 310 1992 Nequitia
321 1930 348 1977 et
359 1923 445 1991 nugis,
458 1940 596 1992 pravorum
609 1928 636 1976 et
648 1939 735 1975 amore
745 1919 896 1989 gemellum,

183 1991 319 2045 Lusoinias
331 1992 402 2045 soliti
413 1993 530 2060 impenso
540 1992 670 2083 prendere
681 1993 823 2059 coemptas,

185 2060 314 2124 Quorsum
326 2060 439 2113 abeantl
457 2060 539 2113 Sanin
559 2066 639 2127 creta,
650 2077 685 2112 an
697 2060 809 2112 carbone
819 2055 947 2112 notandil

185 2127 325 2181 AEdifieare
337 2146 417 2193 casas,
429 2128 549 2196 plostello
561 2129 705 2197 adjungere
715 2143 811 2193 mures,

185 2195 287 2249 Ludere
299 2213 347 2265 pur
358 2198 444 2264 impar
496 2197 580 2249 uitare
591 2198 620 2248 in
633 2196 762 2248 arundine
773 2194 860 2262 longa,

185 2264 214 2318 Si
226 2282 305 2333 quem
317 2264 430 2318 delectet
441 2237 489 2317 iser
506 2271 587 2332 atum,
600 2265 717 2318 amentia
727 2268 820 2316 verset

185 2332 213 2387 si
225 2333 354 2403 puerilius
365 2334 406 2386 his
418 2334 486 2386 ratio
498 2351 552 2387 esse
565 2334 667 2386 evincet
679 2349 774 2400 amare,
925 2333 977 2383 ato

185 2402 241 2457 Nee
253 2403 399 2473 quidquam
410 2402 521 2470 differre,
535 2409 659 2456 utrumne
670 2402 700 2455 in
711 2402 826 2471 pulvere,
838 2400 933 2454 trimus

187 2472 270 2537 Quale
281 2474 362 2543 prius,
374 2472 451 2526 ludas
463 2489 535 2541 opus,
548 2489 582 2525 an
594 2472 738 2525 meretricis
749 2487 836 2524 amore

187 2540 319 2596 Sollicitus
331 2543 430 2611 plores:
448 2558 544 2665 putero,
556 2542 680 2608 faciesne,
692 2540 761 2610 quod
774 2540 837 2592 olim

187 2610 310 2665 Mutatus
322 2612 446 2665 Polemon
483 2628 565 2679 ponas
576 2611 692 2680 insignia
703 2608 794 2676 morbi,

188 2680 327 2747 Fasciolas,
339 2680 447 2747 cubital,
458 2680 562 2744 focalia,
574 2686 652 2751 potus
665 2685 695 2732 ut
706 2679 752 2731 ille

188 2748 294 2803 Dicitur
306 2765 340 2802 ex
352 2749 418 2801 collo
430 2749 524 2802 furtim
536 2749 661 2818 carpsisse
673 2762 786 2812 coronas,
823 2763 828 2774 ·

190 2818 332 2887 Postquam
345 2823 385 2870 est
396 2818 523 2886 impransi
535 2824 669 2887 correptus
680 2832 743 2869 vose
753 2812 891 2882 magistri?

265 2913 409 2968 hQulqnnm
418 2914 507 2957 veneral
751 2915 890 2959 temerberet
