2409 3317
224 344 275 397 212
534 342 691 399 HORfflI

222 448 342 516 Attingit
354 447 448 500 solium
460 445 536 499 Joris
547 451 576 497 et
587 442 703 497 coelestia
715 447 816 496 tentat:

222 515 390 585 Principibus
401 514 530 584 placuisse
542 512 606 566 viris
617 529 671 565 non
682 512 779 565 ultime
790 512 849 566 lsus
860 518 908 566 est.

222 585 283 638 Non
294 585 377 638 cuivis
389 582 491 636 homini
502 582 634 649 contingit
645 581 719 635 edire
731 581 895 634 Corinthum

223 654 304 722 Sedit,
317 653 364 721 qui
376 652 475 720 timuit,
486 668 521 704 ne
531 668 586 704 non
597 650 755 703 succederet
789 650 870 705 Esto!

223 723 300 790 Quid,
312 722 358 791 qui
370 721 498 791 pervenit,
509 720 608 773 fecitne
620 718 748 775 virilitsri
765 718 850 789 Aequi

223 792 380 846 Hicestsut
388 806 526 871 nusquam,
533 789 604 858 quod
613 789 762 858 qussn'mus
780 788 909 842 Hiconus
918 789 1018 855 horret,

222 859 717 930 Utpurrisanimrsetpervooorpore
729 860 827 927 mejus:
980 864 1020 911 40

223 929 276 982 Hic
288 928 359 993 subit
370 933 399 981 et
410 927 516 997 perfert
550 928 608 981 Aut
619 928 704 981 virtus
715 943 811 979 nomeu
822 927 901 980 inune
913 933 961 994 cst,

220 996 277 1050 Aut
289 998 369 1051 decus
380 1002 409 1052 ct
419 997 534 1067 pretium
545 1002 617 1049 recte
628 996 697 1065 petit
708 995 845 1064 experiens
856 998 904 1051 vir.

222 1066 316 1119 (lorum
326 1082 388 1134 rege
400 1083 447 1118 suo
458 1066 492 1119 de
502 1082 555 1134 pou
632 1071 660 1118 to
671 1071 788 1118 tacentes

223 1134 287 1189 Plus
298 1139 421 1203 poscente
432 1135 519 1187 ferent
525 1151 534 1198 ;
571 1134 578 1146 ’
592 1139 641 1202 tut,
653 1150 774 1187 sumssne
786 1135 922 1203 pudenter,

221 1203 371 1272 Auropiss.
406 1202 743 1272 Atquirerumeeputhoc
755 1210 819 1268 eret,
830 1204 875 1257 hic
886 1204 952 1259 fons.
1113 1170 1115 1237 i

223 1271 238 1299 “
248 1270 376 1325 Indotsts
386 1270 456 1324 mihi
466 1287 541 1323 soror
551 1275 599 1338 est,
612 1269 772 1339 paupercule
783 1276 875 1335 meter,

222 1338 259 1394 lit
270 1340 371 1394 fundus
381 1357 431 1394 nec
442 1338 583 1393 vendibilis
594 1356 644 1392 noo
654 1356 759 1409 poscere
770 1336 886 1405 firmus‚’'

223 1409 276 1473 Qui
287 1410 361 1479 dicit,
374 1409 479 1477 clamat,
491 1408 624 1461 “Victum
636 1408 721 1462 dete.''
758 1407 876 1461 Succinit
887 1406 960 1470 ulter,

223 1476 284 1531 “lit
295 1479 362 1531 mihi
375 1477 483 1531 dividuo
494 1477 612 1530 findetur
623 1493 732 1529 munere
760 1474 866 1529 usdrs.’'

221 1540 833 1626 Sedtucituspsscisipossetcorvus,huerot
977 1551 1013 1599 50

221 1611 287 1665 Plus
298 1612 374 1681 dspis
385 1619 413 1666 st
423 1613 490 1665 rixae
501 1611 587 1665 multo
598 1612 687 1664 minus
698 1612 864 1681 mridiaeque.

221 1679 393 1734 Brundisium
405 1698 490 1733 comes
501 1686 551 1734 sut
562 1680 718 1734 Smrentum
729 1681 824 1735 ductus
836 1700 976 1749 umorum,

222 1748 274 1812 Qui
286 1750 406 1817 queritur
417 1749 531 1802 salebras
544 1756 572 1802 et
583 1749 706 1803 acerbum
717 1750 802 1818 frigus
814 1757 841 1804 ot
853 1752 954 1819 imbres,

221 1816 278 1869 Aut
289 1817 383 1870 cistom
395 1817 530 1870 effractum
542 1823 569 1870 et
580 1819 711 1872 subducta
722 1820 820 1873 rietioe
850 1821 924 1888 lorst,

220 1881 291 1939 Note
303 1885 384 1938 refert
395 1886 539 1939 meretricis
551 1888 682 1955 acumine,
694 1906 764 1957 saepe
776 1838 905 1957 csteilem,

221 1953 262 2006 Sae
307 1953 486 2024 periscelidem
497 1962 602 2025 ruptum
615 1957 664 2009 sibi
675 1958 771 2026 flentis,
783 1960 825 2012 uti
837 1977 898 2013 mox

220 1972 303 2077 ilidii
313 2023 378 2077 fides
390 2024 493 2096 damnis
504 2026 625 2095 verisque
637 2026 769 2080 doloribus
781 2028 857 2082 adsit.

220 2092 247 2147 N
247 2110 277 2146 eo
288 2093 368 2147 semel
378 2094 470 2146 irrisus
482 2095 568 2149 triviis
580 2094 700 2148 attollere
712 2100 788 2149 curst

221 2162 317 2216 Fracto
328 2181 404 2216 crure
414 2163 532 2233 planum,
544 2164 607 2217 licet
618 2163 659 2217 illi
670 2164 786 2233 plurima
797 2174 886 2219 menet

220 2230 347 2301 Iscrixns,
359 2250 406 2302 per
417 2239 538 2285 sanctum
546 2236 653 2302 juratus
665 2233 738 2287 dicat
750 2234 851 2301 Osirim,
897 2242 900 2251 “
976 2240 1010 2289 60
1106 2244 1107 2255 ’

223 2300 240 2328 “
249 2300 360 2369 Credite,
372 2318 426 2353 non
437 2302 518 2366 ludo;
536 2302 662 2371 crudeles,
674 2302 761 2356 tollite
772 2302 896 2356 claudum
908 2305 930 2357 :''

225 2369 240 2395 “
249 2368 344 2433 Quoere
355 2369 547 2438 peregrinum‚‘’
560 2372 659 2424 ricinia
667 2388 747 2425 muco
757 2372 890 2425 reclamat.

359 2528 534 2585 EPISTOLA
551 2533 731 2588 xvsti-sn
744 2550 875 2587 uouuruu.

219 2632 251 2685 81
261 2631 328 2686 bene
339 2637 367 2685 te
378 2633 448 2700 nori,
460 2641 569 2703 metues,
582 2637 713 2692 liberrimo
725 2640 801 2710 Lolli,

218 2700 368 2755 Scorruntis
379 2703 491 2771 speciem
504 2704 626 2774 proebere,
637 2708 768 2776 professus
779 2713 901 2769 amicum.

218 2768 257 2821 Ut
267 2776 388 2823 matrone
399 2772 530 2825 meretrici
542 2773 631 2842 dispsr
642 2777 692 2828 erit
704 2783 784 2847 atquo

217 2836 342 2907 Discolor,
354 2838 435 2892 infido
447 2856 543 2895 sourrae
555 2842 664 2897 distabit
676 2847 783 2903 amicus.
