2409 3317
410 371 621 427 SATIRARUM
641 368 662 425 l,
685 374 747 436 1‚2.
915 364 974 423 1ἓο

181 476 288 546 Quippe
299 475 428 544 benignus
441 484 503 531 eret.
539 478 636 531 Contra
648 476 699 545 hic,
711 494 745 531 ne
757 476 883 547 prodigus
894 492 950 533 esse

180 544 294 598 Dicatur
305 552 432 613 metuens,
444 545 517 615 inopi
529 545 591 599 dere
602 546 670 599 nolit
681 547 773 614 emico,

184 613 280 682 Frigus
293 630 346 682 quo
357 614 502 685 durumque
513 616 611 668 famem
623 615 767 684 propellere
779 614 868 685 possit

182 682 264 734 Hunc
276 683 298 734 si
311 684 477 751 perconteris,
489 684 533 737 eri
545 700 591 737 cur
603 692 685 751 etque
696 685 813 765 parentis

182 748 341 803 Praeclnrum
353 752 458 820 ingnote
471 752 584 821 stringet
596 752 682 805 melus
694 752 889 822 ingluviem,

183 818 279 871 Omnia
291 820 427 873 conductis
439 823 558 874 coimens
571 821 678 874 obsonio.
690 821 818 874 nummis:
958 850 962 858 ·

182 886 307 940 Sordidus
319 894 400 957 etque
412 889 495 942 enimi
524 890 576 942 uod
588 889 743 959 perri-nolit
755 889 853 957 heberi,
942 893 976 942 10

184 954 235 1009 Res
270 957 349 1021 ndet;
366 957 520 1013 laudatura
549 958 597 1025 his,
610 959 735 1027 culpetur
745 958 852 1014 abillis

184 974 304 1105 Fulldlus
316 1043 368 1094 rep
387 1042 408 1078 rc
420 1026 520 1080 semem
531 1028 609 1080 timet
620 1045 652 1080 eo
663 1027 808 1094 nebulonis,

184 1093 265 1147 Dives
325 1094 353 1158 ἐ,
386 1095 439 1148 'ves
450 1096 542 1164 positis
554 1096 582 1149 in
594 1097 683 1149 fenore
694 1097 823 1151 nummis:

184 1110 340 1225 Quinsffilr
352 1164 434 1245 capiti
445 1164 576 1218 mercedes
589 1171 694 1218 euocet
705 1171 794 1235 etque,

184 1230 290 1293 Quanto
301 1231 428 1300 perditior
439 1234 547 1302 quisquo
559 1241 606 1297 est,
618 1240 694 1287 tento
705 1235 793 1289 corius
804 1240 897 1302 urget;

184 1297 298 1352 Nomine
310 1306 427 1354 sectetur
437 1302 514 1354 modo
526 1310 633 1371 sumpts
644 1308 717 1356 reste
727 1302 799 1357 virili

185 1367 240 1420 Sub
251 1368 371 1437 patribus
382 1368 455 1421 duris
467 1370 590 1426 tironum,
626 1372 641 1400 “
650 1369 791 1437 Mnxime,”
820 1370 862 1423 uis
873 1387 934 1436 non,

185 1439 199 1465 “
208 1437 316 1505 Jupiter
324 1436 347 1488 !''
366 1437 503 1501 exclamet,
516 1437 593 1489 simul
606 1445 686 1528 etque
697 1389 821 1492 eudivitl
836 1439 893 1491 “At
904 1440 934 1490 in
946 1455 972 1493 se

186 1504 237 1556 Pro
250 1511 354 1571 quoestu
366 1512 501 1583 sumptum
514 1506 579 1558 fecit
590 1506 641 1558 hic.
695 1506 749 1558 Vix
761 1506 863 1559 credere
874 1507 956 1574 possis

186 1572 273 1635 Quem
284 1571 334 1623 sibi
345 1587 398 1623 non
410 1579 444 1623 srt
456 1571 562 1638 amicus,
574 1572 613 1624 ite
624 1579 656 1625 nt
664 1579 743 1655 peter
754 1565 807 1639 ille,
818 1570 926 1625 Terenti
937 1572 972 1623 20

186 1638 288 1693 rabula
299 1656 378 1709 quem
388 1640 513 1693 miserum
524 1648 605 1709 gnato
617 1642 713 1695 vixisse
789 1647 817 1694 to

187 1708 303 1776 Inducit,
314 1725 368 1761 non
379 1726 406 1761 se
417 1711 492 1778 pejus
504 1710 659 1763 cruciaverit
670 1718 749 1778 etque
781 1709 812 1762 ‘o.

186 1777 213 1830 Si
227 1779 287 1847 quis
298 1794 370 1832 nunc
381 1785 489 1848 quaeret,
504 1780 519 1808 “
526 1778 585 1857 Quo
595 1796 637 1831 res
648 1778 705 1832 hoec
716 1777 831 1849 pertinet
839 1776 870 1831 l”
889 1775 970 1829 Illuc:

186 1845 257 1897 Dum
270 1846 357 1899 vitent
368 1844 444 1898 stulti
456 1845 529 1911 vitis,
540 1862 570 1896 rn
582 1848 712 1897 contrarie
724 1848 841 1895 currunt.

187 1913 335 1967 Mutunus
347 1914 445 1967 tunicis
456 1914 574 1966 demissis
585 1912 705 1965 ambulet
711 1931 719 1976 ς
737 1921 776 1965 est
787 1911 834 1979 qui

188 1982 291 2051 Inguen
302 1982 337 2035 ed
348 1983 497 2036 obscoenum
509 1982 644 2034 subductis
656 1998 739 2063 usque
749 1980 867 2043 facetum

188 2051 311 2104 Pastillos
323 2050 434 2104 Rufillus
446 2051 505 2116 olet,
518 2050 664 2117 Gorgonius
675 2050 785 2102 hrrcunn

188 2120 233 2173 Nil
244 2120 361 2172 medium
372 2127 419 2172 est.
454 2118 523 2171 Sunt
534 2120 580 2188 qui
591 2118 678 2171 nolint
689 2118 807 2185 tetigisse
818 2115 871 2167 nisi
882 2114 949 2181 illus,

190 2189 307 2253 Quorum
318 2188 427 2240 subsutn
438 2187 505 2239 telos
517 2192 590 2255 teget
602 2186 695 2239 instita
706 2192 793 2239 veste:

190 2257 285 2309 Contre
296 2255 364 2308 nlius
375 2255 476 2308 nnllam
488 2255 538 2307 nisi
550 2254 632 2308 olenti
643 2254 672 2306 in
683 2253 782 2307 fornice
794 2259 915 2305 stentem.
942 2255 975 2305 ³0

192 2326 305 2391 Quidem
316 2330 395 2377 notus
407 2324 484 2376 homo
495 2340 577 2392 quum
589 2323 674 2376 exiret
685 2323 791 2405 fornice?
803 2324 818 2353 “
825 2322 914 2378 Macte

192 2394 297 2447 Virtute
308 2392 387 2459 eeto‚”
398 2392 486 2461 inquit
498 2392 629 2446 mntentin
640 2391 685 2445 dis
696 2391 819 2447 Getonrs:

191 2462 258 2515 Nem
270 2462 348 2515 simul
360 2478 391 2513 ec
402 2478 481 2514 venes
492 2459 596 2513 inflavit
608 2463 678 2512 tetre
688 2456 777 2526 libido,

192 2531 251 2583 Huc
259 2533 370 2600 juvenes
382 2546 487 2600 equum
498 2536 537 2582 est
550 2526 711 2593 descendere,
723 2543 778 2580 non
789 2528 889 2582 alienes

193 2600 338 2654 Per-molere
350 2616 449 2652 uxores.
485 2598 597 2651 “Nolim
609 2599 763 2666 leuderier‚”
774 2600 870 2671 inquit,

193 2671 207 2699 “
214 2670 257 2724 Sic
267 2669 334 2735 rne,”
345 2669 455 2721 mirator
466 2668 547 2721 cunni
560 2667 722 2737 (lupiennius
732 2668 794 2723 eibi.

191 2734 287 2787 Audire
299 2740 339 2787 est
350 2752 434 2803 operor
446 2736 568 2804 pretium,
580 2738 718 2805 procedere
728 2744 800 2790 recte

192 2804 242 2869 Qui
253 2802 366 2856 moechos
377 2820 430 2855 non
442 2804 530 2871 vultis,
543 2811 574 2857 ut
586 2805 657 2857 omni
669 2810 744 2873 perte
755 2805 889 2870 lsborent;

192 2872 278 2941 thue
289 2872 343 2925 illis
354 2872 439 2926 multo
451 2878 575 2942 corrupte
586 2872 675 2927 dolore
686 2874 816 2942 voluptas,

234 2957 299 2997 nou.
573 2957 593 2996 u
