2409 3317
221 370 275 441 sio
539 382 695 439 norrun
776 364 779 370 '

220 486 272 540 Sed
284 486 357 541 videt
367 486 441 539 huno
452 484 537 539 omnis
548 483 642 538 domus
653 490 681 537 et
692 482 789 537 vicinis
801 487 858 535 tots

220 555 366 611 introrsum
377 562 490 623 turpem,
502 553 649 623 speciosum
657 552 728 635 pelle
740 552 840 605 decors„

218 626 232 647 ‘⁶
241 621 298 673 Nee
308 622 412 674 furtum
423 622 474 676 feei
486 638 536 675 nee
546 623 630 693 fugiss’
642 638 665 675 ει
676 620 743 675 mihi
755 620 827 672 diost

218 689 321 755 Servus,
333 691 348 718 “
356 690 445 743 Habes
456 692 581 760 pretium,
590 692 653 745 loris
664 707 718 743 non
728 686 836 754 rueris,”
848 685 897 739 uio.

218 760 233 784 “
241 758 267 809 N
267 774 301 810 on
310 758 444 811 homiuem
452 760 560 813 oecidi.”
577 761 593 789 “
601 760 663 813 Non
672 772 762 829 postes
773 757 802 809 in
812 772 888 809 erues
895 751 1013 806 corvos.'’

218 825 307 878 “Sum
319 826 402 881 bonus
413 834 441 881 et
452 827 550 900 fiugi.”
584 828 685 881 Rsnuit
697 821 1020 960 negitstqstteerglsgrellusgb

218 894 319 947 Cautus
330 896 402 949 euim
413 898 510 949 metuit
520 896 625 948 foveam
636 893 724 961 lupus,
736 908 791 945 seer

218 962 358 1031 Suspeetos
370 963 483 1032 liquens,
495 969 523 1018 et
533 968 655 1045 opertum
665 960 766 1013 miluus
777 962 892 1015 hemum.

218 1029 338 1083 Oderunt
349 1046 456 1100 peoosre
466 1030 530 1083 boui
539 1029 647 1083 virtutis
658 1042 760 1092 omore3

217 1097 258 1149 Tu
270 1099 338 1151 nihil
349 1099 474 1152 admittes
485 1100 514 1151 iu
524 1104 553 1151 te
563 1098 704 1151 formidine
714 1112 812 1166 poenae:

217 1165 258 1218 Sit
270 1184 329 1235 spes
339 1167 457 1234 fallendi,
468 1165 588 1219 miscebis
600 1182 674 1219 suero
685 1164 817 1235 profanis;

216 1234 287 1287 Nam
297 1235 331 1288 ds
341 1235 415 1288 mille
425 1234 494 1287 fsbse
504 1234 598 1287 modiis
610 1252 692 1303 quum
704 1235 771 1287 surri
790 1234 813 1286 is
825 1250 915 1301 unum,

215 1302 350 1356 Damnum
361 1308 408 1371 est,
419 1318 473 1356 non
483 1303 594 1370 sueinus,
606 1304 672 1356 mihi
684 1252 790 1373 protos

216 1371 264 1424 Vir
276 1372 367 1441 bonus,
375 1388 452 1425 omne
460 1372 547 1425 forum
558 1388 637 1441 quem
646 1377 748 1441 speotot
756 1376 783 1425 et
792 1388 869 1425 omne
877 1370 1004 1434 tribuual,

215 1440 432 1511 Qusudoeunque
443 1441 511 1494 Deos
523 1440 566 1494 sel
577 1456 655 1509 poroo
666 1441 709 1494 vel
720 1439 786 1493 bove
796 1441 891 1509 plsost,

216 1509 231 1533 “
241 1508 312 1562 June
322 1508 423 1579 pstsr‚”
434 1508 512 1576 elme,
524 1507 595 1561 olere
606 1525 690 1577 quum
701 1508 779 1576 dixit,
791 1510 806 1538 ‘⁴
815 1509 932 1579 Apollo,”

217 1576 303 1631 Labie
314 1585 403 1632 movet
413 1584 534 1632 metuens
544 1577 639 1643 audiri,
651 1578 667 1605 “
676 1576 792 1630 Pulchro
803 1578 927 1646 Lauerna,
974 1582 1010 1632 60

214 1644 256 1695 De
267 1646 333 1697 mihi
345 1646 444 1711 follere,
455 1644 491 1697 ds
498 1647 573 1713 justo
585 1648 726 1711 sanctoque
738 1643 828 1709 videri,

213 1712 324 1765 Noctem
335 1714 450 1781 peoeotis
460 1718 489 1765 et
498 1713 637 1765 frondibus
648 1711 731 1779 objice
742 1710 839 1763 nubem
847 1716 871 1766 !”
893 1746 894 1749 =

213 1780 266 1842 Qui
278 1781 371 1834 melior
381 1796 461 1848 servo,
472 1781 521 1850 qui
533 1782 638 1835 liberior
649 1780 683 1833 sit
695 1794 797 1847 avarus,

213 1847 246 1899 In
258 1849 343 1902 triviis
354 1848 438 1900 fixum
450 1865 532 1917 quum
543 1866 571 1901 se
582 1850 700 1902 demittit
711 1848 744 1901 ob
755 1864 846 1915 essem,

212 1915 272 1968 Nou
284 1916 374 1980 video;
391 1932 455 1969 nam
465 1917 512 1985 qui
523 1918 619 1986 cupiet,
631 1923 733 1970 metuet
745 1932 848 1986 quoque
855 1935 862 1981 ;
880 1932 960 1985 porro,

212 1984 263 2047 Qui
276 1991 394 2037 metuens
406 1986 486 2053 vivet,
498 1985 564 2037 liber
574 1986 641 2037 mihi
653 2002 706 2039 non
718 1986 769 2038 erit
779 2002 904 2067 unqmm.

211 2051 331 2106 Perdidit
342 2070 422 2122 orma,
433 2053 522 2107 loeum
533 2054 639 2106 virtutis
651 2054 773 2122 deseruit,
786 2071 832 2123 qur

211 2122 271 2174 Sem
328 2123 358 2175 in
369 2124 491 2192 sugendo
501 2121 612 2175 festinat
623 2128 651 2175 et
662 2122 782 2176 obruitur
793 2140 828 2175 re.

212 2190 269 2243 Ven
288 2210 330 2245 ere
342 2209 424 2261 quum
435 2193 517 2262 possis
529 2192 671 2261 erptivurm,
683 2191 800 2244 occidere
812 2188 866 2244 noli
873 2210 880 2255 ;

211 2258 312 2313 Serviet
323 2262 439 2314 utiliter:
457 2262 513 2313 sine
524 2265 617 2329 poseat
627 2259 709 2313 durus
721 2266 837 2327 oretque,
964 2262 999 2313 70

210 2327 325 2396 Naviget
337 2330 472 2382 remediis
483 2330 583 2383 hiemet
593 2333 723 2381 mereator
734 2329 762 2380 iu
776 2329 868 2392 undis;
1071 2335 1075 2343 ’

210 2397 327 2449 Annonse
339 2398 436 2464 prosit3
453 2403 540 2477 portet
550 2398 685 2449 frumento
696 2412 838 2465 penusque.

209 2463 257 2515 Vir
268 2463 353 2517 bonus
364 2470 392 2517 et
405 2481 508 2533 sepiens
520 2464 629 2518 audebit
641 2465 734 2532 disere,
747 2465 762 2492 ‘⁴
771 2464 900 2532 Pentheo,
983 2509 986 2515 .

210 2533 304 2586 Rector
316 2532 475 2594 Thebarum,
486 2533 551 2601 quid
563 2549 607 2585 me
618 2534 732 2601 perferre
736 2534 853 2626 9pstique
921 2532 999 2602 [uem²
1113 2598 1114 2609 γ

211 2602 357 2670 Indignum
369 2618 444 2670 coges
455 2600 481 2654 γ’
499 2604 514 2629 “
522 2601 646 2653 Adimam
658 2602 734 2655 bono.
777 2603 901 2687 “Nempe
912 2620 1001 2673 pecus,
1113 2622 1114 2625 ¹

211 2671 311 2738 Lectos,
323 2681 480 2737 argentum:
497 2671 576 2723 tolles
587 2670 674 2723 licet.‘¹
710 2672 725 2699 “
734 2672 769 2725 In
781 2674 892 2725 monicus
903 2678 931 2726 et

212 2738 384 2808 Compedibus
396 2754 463 2792 serso
475 2744 502 2791 te
512 2738 560 2791 sub
571 2739 680 2793 custode
692 2740 809 2793 tenebo.’'

213 2809 228 2832 ‘⁴
239 2807 251 2857 I
254 2824 300 2875 pse
312 2808 391 2873 Deus,
403 2806 483 2858 simul
494 2811 574 2873 utque
587 2807 682 2874 volum,
694 2824 737 2860 me
748 2808 857 2861 solvet.’'
893 2810 1001 2879 Opinor‚

213 2871 272 2926 Hoc
283 2874 380 2927 sentit:
401 2872 503 2941 Moriar
514 2890 521 2938 3
539 2888 609 2925 mors
621 2873 717 2929 ultimo
728 2874 798 2929 lineo
810 2892 897 2931 rerum
910 2885 956 2931 est.

783 1303 858 1356 euius
869 1302 926 1355 isto.
