2409 3317
368 838 405 899 Q.
435 835 640 893 HORATII
670 832 843 889 FLAOOI

213 1027 308 1116 DE
363 1026 575 1119 ARTE
631 1019 1002 1111 POETIOA

540 1216 684 1270 LIBER.

541 1368 671 1385 mm

217 1452 343 1505 Hunno
355 1447 438 1517 ospiti
450 1448 579 1502 servicem
590 1447 676 1515 pictor
688 1445 812 1514 equinum

216 1521 237 1575 J
237 1537 336 1602 ungere
347 1518 369 1571 si
381 1516 446 1573 velit
458 1521 486 1571 et
499 1517 585 1571 varias
597 1516 722 1568 indueere
733 1513 837 1582 plumas

217 1591 340 1659 Undique
353 1586 454 1642 eelintis
465 1586 596 1653 membris,
610 1591 640 1639 ut
652 1584 767 1653 turpiter
778 1590 867 1637 etrum

218 1658 329 1712 Desinat
340 1658 369 1710 in
380 1657 480 1725 piscem
490 1655 586 1709 mulier
597 1654 711 1707 formose
722 1669 844 1721 superne,

218 1726 374 1796 Spectatum
384 1725 492 1779 admissi
503 1725 587 1778 risum
597 1722 713 1777 tenentis
724 1720 822 1775 sinicii

218 1795 330 1861 (iredite,
343 1794 457 1860 Pisones,
469 1794 516 1846 isti
527 1792 626 1846 tebulae
638 1792 693 1845 fore
705 1789 804 1843 librum

219 1862 389 1929 Pereimilem,
401 1864 478 1929 eujus
489 1860 563 1915 velut
575 1860 640 1929 oegri
652 1859 752 1913 somnis
764 1876 839 1912 venes

219 1932 270 1985 Ein
289 1936 367 1985 entur
378 1930 476 1998 speeies
483 1948 491 1996 3
508 1935 539 1982 ut
550 1946 599 1982 nee
611 1945 657 2009 pes
668 1944 717 1981 nee
729 1933 809 1997 ceput
821 1927 870 1980 uni

279 1998 358 2052 datur
369 1999 467 2052 formae.
503 1998 518 2026 “
527 1995 676 2051 Piceonbus
687 2003 767 2065 etque
778 1995 864 2066 poitis

222 2063 357 2129 Quidlibet
368 2062 485 2116 audendi
496 2080 598 2142 semper
609 2063 663 2116 fuit
676 2080 751 2131 aeque
762 2061 905 2130 potestne.”
975 2063 1009 2111 10

221 2128 332 2197 Scimus,
340 2133 368 2183 et
376 2128 446 2182 hsne
455 2147 561 2185 venium
569 2130 738 2207 petimusque
746 2130 890 2198 demusque
899 2127 1020 2193 vicissim,

220 2194 272 2248 ssd
284 2211 338 2247 non
349 2200 381 2247 ut
392 2194 503 2263 placidis
515 2198 609 2249 coenni
621 2196 743 2261 immitis,
755 2212 809 2248 non
821 2206 852 2249 ut

221 2262 360 2333 Serpentes
371 2262 465 2317 esibus
475 2264 651 2333 geminentur,
663 2264 776 2333 tigribus
788 2265 858 2332 egni.

222 2332 339 2401 Ineeptis
349 2331 475 2400 gravibus
486 2332 588 2401 plerum
607 2351 641 2387 ue
653 2339 681 2387 et
692 2350 790 2401 magne
801 2333 924 2401 professis

221 2399 379 2469 Purpureus,
391 2401 446 2454 lete
457 2401 505 2470 qui
516 2352 661 2469 spleniest
673 2419 743 2455 unus
756 2408 783 2454 et
795 2402 862 2455 elter

220 2468 351 2522 Adsuitur
363 2486 466 2538 pennus
473 2489 481 2534 ;
499 2487 582 2537 quum
593 2471 669 2524 lucus
682 2477 710 2524 et
722 2488 768 2523 ers
780 2470 873 2524 Dinnae

222 2536 258 2589 Et
269 2538 433 2606 properantis
444 2555 519 2607 nquae
531 2556 579 2607 per
589 2557 704 2593 smoenos
717 2538 832 2593 ambitus
845 2557 930 2608 egros,

222 2605 278 2659 Aut
289 2605 388 2659 flumen
400 2606 524 2659 Rhenum
535 2612 583 2659 eut
594 2608 701 2675 pluvius
713 2607 870 2661 describitur
882 2626 973 2667 ereum

223 2673 275 2726 Sed
286 2691 358 2726 nunc
369 2692 423 2727 non
435 2683 492 2728 eret
503 2675 545 2727 his
556 2674 636 2729 loeus.
672 2677 707 2729 Et
719 2678 829 2730 fortasse
841 2695 993 2747 cupressum

222 2741 279 2795 Seis
291 2742 427 2796 simulare:
445 2743 577 2811 quidhoc,
589 2744 613 2796 si
624 2744 714 2797 fractis
727 2751 818 2798 enatet
830 2764 923 2815 exspes
977 2750 1009 2797 20

223 2810 249 2862 N
250 2810 356 2878 esibus,
362 2827 412 2863 aere
424 2811 487 2864 dete
499 2810 546 2880 qui
557 2812 694 2881 pingitur?
729 2813 865 2881 Amphora
877 2815 958 2883 coepit

224 2878 333 2932 Institui
340 2897 348 2943 ς
365 2885 485 2932 currente
496 2885 554 2933 rete
566 2897 613 2933 cur
626 2898 716 2935 urceus
728 2882 801 2934 exiti

1120 956 1124 1041 i
