2409 3317
529 377 685 433 nostru

321 587 500 645 EPISTOLA
517 586 625 643 X.—sn
639 602 747 641 ruscum
761 600 907 639 sursmuu.

223 688 311 741 Ursis
323 693 470 742 amatorem
480 688 595 741 Fuscum
608 688 706 742 salvere
714 688 837 756 jubemus

223 757 302 809 Ruris
314 762 450 823 amatores,
462 756 513 810 hec
524 758 554 809 in
565 776 593 810 re
606 756 705 811 scilicet
718 774 771 810 une

222 823 342 878 Multum
354 825 500 893 dissimiles,
512 832 541 879 et
553 832 641 879 cetere
653 842 728 895 paene
739 825 853 895 gemelli,

221 893 357 946 Fretemis
369 895 463 947 animis
475 895 606 965 quidquid
618 901 698 963 neget
710 895 816 947 alteret
828 895 906 962 alter,

222 962 374 1015 Annuimus
386 964 485 1032 pariter
498 964 582 1017 vetuli
593 964 703 1033 notique
715 962 836 1017 columbi.

221 1030 261 1083 'l'u
274 1031 368 1083 nidum
380 1050 481 1096 serres3
500 1049 548 1101 ego
560 1032 639 1086 leudo
651 1032 720 1085 ruris
732 1032 829 1086 amoeni

223 1099 301 1153 Biros
313 1105 341 1152 et
351 1117 441 1153 musco
453 1101 602 1154 circumlita
614 1118 678 1155 sexu
692 1116 843 1169 nemusque,

223 1168 296 1229 Quid
309 1168 420 1235 quaerisl
456 1170 523 1222 Vivo
536 1175 563 1222 et
574 1188 666 1239 regno,
677 1170 755 1225 simul
767 1170 819 1222 istu
830 1168 933 1241 reliqui,

223 1236 346 1302 Quaewvos
357 1238 391 1291 sd
404 1237 501 1289 coelum
512 1239 587 1291 fertis
598 1256 703 1292 rumore
716 1239 842 1293 secundo:

223 1304 313 1375 thue
325 1303 465 1360 sacerdotis
477 1306 608 1375 fugitivus
619 1306 791 1371 libcrecu'so3
979 1310 1015 1359 10

222 1374 296 1428 Pone
307 1393 371 1444 egeo
379 1378 437 1445 jem
448 1374 556 1429 mellitis
569 1376 669 1446 potiore
681 1376 816 1447 placentis.

224 1444 319 1497 Vivere
330 1450 432 1497 neturae
444 1445 467 1497 si
479 1448 665 1500 convenienter
676 1450 786 1516 oportet,

140 1514 144 1521 '
224 1512 408 1582 Ponendaeque
421 1514 497 1566 domo
509 1514 650 1597 quaerenda
662 1521 702 1567 est
713 1532 774 1567 eree
786 1514 908 1585 primum,

223 1582 361 1635 Novistine
373 1584 461 1637 locum
473 1589 600 1651 potiorem
612 1600 672 1636 rure
683 1582 777 1637 bestol

223 1649 273 1703 Est
285 1651 330 1703 ubi
342 1650 402 1721 plus
414 1657 523 1721 tepeant
534 1653 641 1719 hiemes,
653 1652 699 1705 ubi
711 1652 810 1720 gratior
821 1669 886 1706 eure

224 1718 318 1772 Leniat
330 1726 358 1773 et
369 1720 468 1773 rabiem
480 1720 558 1773 (lanis
570 1727 597 1775 et
609 1728 743 1774 momente
755 1720 855 1789 Leonis,

225 1786 314 1851 Quum
326 1789 405 1840 semel
417 1789 519 1857 accepit
530 1788 617 1842 Solem
628 1789 788 1843 furibundus
800 1789 927 1843 acutum?

224 1855 273 1907 Est
285 1856 331 1907 ubi
343 1855 453 1908 divellat
465 1874 567 1909 somnos
578 1859 667 1911 minus
678 1859 770 1911 invide
782 1859 862 1911 curat

225 1923 349 1977 Deterius
361 1924 466 1992 Libycis
477 1924 530 1978 olet
542 1933 590 1979 erut
600 1928 670 1981 nitet
682 1928 763 1981 herbe
774 1926 893 1996 lepillisl

225 1992 320 2045 Purior
330 1993 360 2045 in
372 1993 436 2047 vicis
448 2010 517 2062 equs
529 1996 616 2048 tendit
628 2013 750 2063 rumpere
762 1996 908 2066 plumbum,
979 1998 1014 2047 20

226 2061 311 2126 Quem
320 2079 378 2131 quae
387 2078 435 2132 per
446 2079 558 2133 pronum
569 2064 686 2133 trepidat
694 2082 755 2117 cum
766 2082 901 2117 murmure
909 2064 1014 2117 rivuml

225 2131 292 2184 Nem
337 2132 408 2185 inter
419 2133 504 2185 varias
516 2134 635 2186 nutritur
647 2134 714 2187 silvo
725 2134 860 2187 columnus

226 2150 413 2270 tandiuque
425 2201 524 2268 domus,
537 2203 629 2271 longos
642 2220 702 2270 quse
714 2202 840 2271 prospicit
852 2218 935 2271 egros.

225 2269 356 2323 Naturam
368 2272 484 2340 expellas
496 2272 578 2338 furca,
591 2279 682 2325 tomen
694 2288 778 2339 usque
789 2276 914 2337 recurret,

225 2338 261 2391 llt
273 2339 344 2393 mels
355 2346 506 2408 perrumpet
518 2340 612 2392 furtim
623 2341 733 2393 fastidis
744 2340 849 2393 victrix.

226 2406 294 2472 Non,
306 2408 354 2476 qui
366 2408 472 2460 Sidonio
484 2410 641 2461 contendere
654 2409 765 2462 collidus
777 2415 847 2461 ostro

227 2474 319 2526 Nescit
331 2476 492 2541 Aquinatem
504 2478 625 2543 potentie
637 2478 736 2531 vellere
746 2478 845 2543 fucum,

227 2542 329 2595 certius
340 2542 452 2611 accipiet
464 2543 591 2596 dumnum
602 2547 742 2614 propiusve
753 2546 884 2613 medullis,

228 2610 313 2674 Quem
325 2611 371 2679 qui
383 2628 436 2663 non
448 2613 545 2680 poterit
557 2631 618 2665 vero
631 2614 793 2683 distinguere
805 2615 910 2669 fulsum

228 2678 364 2743 Quemres
376 2679 436 2749 plus
448 2680 529 2731 nimio
542 2681 704 2734 delecterere
717 2684 847 2750 secundae,
981 2686 1017 2737 30

227 2746 340 2801 Mutstae
353 2749 481 2816 quotient.
518 2748 546 2800 Si
558 2748 622 2816 quid
634 2751 768 2818 mirabere,
781 2768 862 2821 pones

228 2814 339 2868 Invitus.
376 2816 450 2885 Fuge
461 2833 573 2885 megum
590 2818 654 2870 licet
666 2819 714 2871 sub
726 2836 842 2889 paupere
854 2824 926 2874 tecto

228 2881 312 2952 Reges
321 2891 348 2936 et
359 2900 452 2952 regum
465 2885 520 2938 rite
531 2902 689 2954 precurrere
701 2888 805 2943 amieos
