2409 3317
206 368 258 419 214
522 362 677 428 nouem
798 414 803 419 .

205 460 268 526 lieo,
281 480 363 531 quum
375 463 466 518 venari
476 463 548 517 volet
559 463 748 531 illefpoemeta
758 479 866 544 panges.
967 469 1005 515 40

208 530 300 584 Gratia
311 531 348 586 sio
360 530 475 587 frenum
484 533 658 601 geminorum,
670 532 826 600 Amphionis
838 539 921 600 atque

206 597 292 667 Zethi,
305 600 428 669 dissiluit,
439 600 522 655 donec
533 607 656 670 suspecte
667 618 756 658 severo

207 668 340 721 conticuit
351 669 417 736 lyra
451 668 587 725 Fre-ternis
598 670 703 725 cessum
715 675 827 751 putattu·

207 736 326 790 Moribus
337 737 485 807 Amphion:
503 743 536 792 tu
547 738 611 793 cede
622 744 739 807 potentss
750 738 829 793 amici

207 806 323 859 Lenibus
335 806 459 877 imperiis,
472 806 626 875 quotiesque
637 808 733 861 educa
744 808 774 865 in
784 825 861 879 agros

207 874 303 928 AEtolis
314 881 422 928 onereta
433 875 519 949 plegio
526 878 651 944 jumenta
662 893 800 945 canesque,

207 943 291 1012 Surge
303 948 330 996 et
341 945 492 997 inhumanos
504 945 607 1010 senium
619 946 720 1014 depone
732 946 861 1007 (lemene,

207 1012 298 1066 Ooenes
309 1020 343 1067 ut
354 1014 453 1082 puriter
464 1014 604 1083 pulmenta
613 1014 746 1069 laboribus
758 1022 862 1083 emptu

209 1081 332 1134 Romanis
345 1083 470 1137 sollemne
482 1084 545 1137 viris
557 1101 629 1153 opus,
643 1083 709 1138 utile
720 1084 798 1139 teme

208 1150 331 1219 Vitaeque
342 1156 370 1204 et
381 1151 512 1218 membris,
523 1153 670 1221 presertim
682 1170 764 1234 quum
776 1153 864 1209 valera
875 1159 902 1205 et
967 1156 1003 1203 50

209 1218 258 1272 Vel
270 1237 348 1273 cursu
360 1237 483 1288 superare
493 1238 586 1274 cenem
598 1221 642 1275 vel
653 1221 753 1277 viribus
764 1238 860 1292 aprum

209 1287 301 1343 Possis
320 1319 323 1325 ·
336 1289 420 1356 Adde,
431 1289 520 1346 milis
530 1290 601 1358 quod
613 1291 753 1359 speciosius
764 1308 839 1344 arma

208 1357 268 1411 Non
280 1364 320 1413 est
332 1359 379 1428 qni
390 1365 500 1413 tractet:
511 1359 597 1413 -sois
610 1376 661 1428 quo
673 1360 786 1413 clamore
798 1376 898 1412 coronae

209 1426 306 1491 Patalis
317 1429 446 1482 ssmtineas
456 1428 628 1497 campestri&
640 1456 676 1469 --
687 1428 800 1497 denique
812 1444 906 1483 servem

209 1495 338 1551 Militiam
349 1516 414 1567 puer
423 1503 453 1551 et
464 1497 621 1551 cenubriea
632 1496 702 1551 belle
714 1498 801 1551 tulisti

210 1564 264 1618 Sub
276 1567 351 1635 duce,
363 1584 381 1635 q
401 1567 408 1580 ‘
420 1572 476 1620 tem
494 1567 528 1619 lis
540 1566 699 1622 Parthorum
711 1568 787 1635 signa
797 1566 898 1635 refigit¹

210 1634 289 1689 Nunc
301 1643 336 1704 et,
348 1636 370 1689 si
382 1636 447 1705 qnid
458 1586 539 1702 obest,
553 1636 630 1689 Italis
641 1636 778 1707 sdjssdieet
789 1636 875 1689 armis.

210 1705 256 1770 Ac,
267 1734 304 1745 -
314 1722 348 1759 ne
360 1712 389 1759 te
399 1704 518 1759 retrahas
528 1710 556 1759 et
566 1704 755 1759 inexcusabilis
765 1705 835 1759 absis
847 1732 889 1769 -·‚

212 1771 338 1837 Quemvis
349 1774 388 1827 nil
399 1782 478 1827 extre
488 1790 629 1829 numerum
640 1774 733 1827 fecisse
744 1774 903 1842 modumque

212 1840 306 1895 Cures:
324 1842 459 1897 interdum
470 1843 652 1915 nngnrisrure
664 1850 789 1913 petes-nm
970 1845 1005 1893 60

211 1909 332 1963 Partitur
342 1910 436 1963 lintres
446 1911 586 1975 exereitus,
597 1912 678 1967 Actis
689 1930 781 1982 pugna

212 1979 248 2032 l'e
260 1980 329 2033 duee
340 1996 388 2062 per
398 1996 493 2049 pueros
504 1980 595 2033 hostili
606 1998 679 2035 more
689 1983 810 2049 refertur5

212 2048 384 2103 Adversarius
394 2055 435 2103 est
445 2049 535 2116 inter,
547 2050 621 2103 lacus
633 2051 743 2118 Hedn'ss,
755 2052 837 2105 donec

212 2118 378 2173 Alterutrum
389 2118 466 2173 velox
479 2119 598 2175 Victoria
608 2120 701 2175 fronde
713 2127 826 2174 coronet.

212 2188 364 2243 Consentire
374 2189 430 2242 suis
441 2189 536 2244 mdis
547 2189 594 2257 qui
606 2188 746 2242 crediderit
757 2196 792 2257 te,

213 2257 313 2314 Fautor
322 2265 434 2328 utroque
444 2264 524 2311 trum
534 2258 656 2313 laudabit
667 2258 762 2329 pollice
773 2259 875 2311 ludum.

213 2325 337 2380 Protinus
349 2333 382 2381 nt
392 2344 514 2381 moneam
523 2356 560 2369 -
571 2328 594 2380 si
607 2327 672 2397 qnid
682 2328 819 2381 monitoris
830 2342 891 2395 eges
902 2334 935 2379 tu
948 2355 988 2391 -,

214 2395 284 2459 Quid
296 2397 696 2465 dequoqueviroetouidicas,
709 2414 777 2466 sespe
789 2397 884 2450 videto.
1120 2372 1121 2433 l

213 2463 426 2518 Percontstorem
488 2466 532 2533 to,
543 2482 607 2521 nem
618 2466 740 2533 garrulus
752 2465 822 2518 idem
834 2472 882 2531 est,

213 2532 270 2586 Nec
281 2533 397 2587 retinent
409 2550 445 2602 pa
520 2535 658 2588 commissa
668 2535 782 2588 fideliter
792 2550 876 2601 aures,
974 2534 1007 2585 70

214 2600 251 2655 Et
262 2602 342 2656 semel
353 2602 477 2655 emissum
488 2602 562 2655 volet
573 2602 743 2657 irrevocabile
755 2603 870 2657 verbum.

214 2670 275 2725 Non
286 2671 384 2727 ancilla
394 2678 472 2724 tuum
480 2673 556 2739 jecur
566 2672 667 2725 ulceret
678 2672 735 2725 ulls
746 2688 844 2741 puerve

215 2738 292 2793 Intra
302 2755 478 2795 marmoreum
489 2738 632 2792 renes-endi
644 2741 725 2792 limen
738 2742 824 2806 amici,

215 2806 241 2860 N
241 2825 256 2861 e
268 2808 389 2863 dominns
400 2809 475 2879 pueri
488 2808 592 2877 pulchri
605 2824 704 2862 osraere
716 2809 810 2877 puellae

567 2890 577 2919 ¹
589 2895 658 2935 reexit
