2409 3317
213 352 262 403 126
523 349 678 403 HORATlI

210 454 276 507 'lam
288 454 394 507 facilem
406 454 486 521 dicat,
498 454 566 508 votis
578 461 610 509 ut
640 454 738 508 roebeat
750 455 858 508 eureml
925 471 927 474 ·

209 523 348 591 Praeterea,
359 540 394 575 ne
406 524 451 592 eie,
465 529 495 576 ut
507 525 552 592 qui
560 473 698 593 jocdnrin
710 524 800 576 ridens

209 592 378 645 Percurram:
390 620 426 633 -
438 609 600 661 quamquam
611 593 743 645 ridentem
755 593 841 645 dicere
853 610 944 645 verum

209 661 279 725 Quid
292 660 384 713 vetati
403 666 434 713 ιιι
445 661 533 729 pueris
545 660 609 713 olim
621 662 687 713 dant
699 662 817 714 crustula
827 661 920 715 blandi

209 730 341 794 Doctores,
354 730 486 783 elemento
497 730 582 782 velint
595 737 625 782 ιιι
637 730 736 782 discere
766 731 895 794 rim1e3-

212 796 263 852 Sed
276 804 367 851 tamen
380 804 467 851 amoto
480 814 628 866 queramur
640 799 707 851 seria
718 748 788 853 ludo.

210 867 261 919 llle
273 884 381 935 gravem
393 867 459 920 duro
472 874 569 919 terram
582 868 628 935 qui
640 868 721 920 vertit
732 874 828 935 aratro,

209 936 330 989 Perfidus
342 936 387 987 hie
399 953 490 1005 caupo,
502 936 594 988 miles·
607 942 756 1004 nautaeque,
768 954 816 1005 per
827 955 905 990 omne

209 1005 331 1057 Audaces
343 1022 415 1057 mare
427 1004 474 1074 qui
487 1010 604 1070 currunt,
617 1005 668 1057 hec
678 1010 768 1057 mente
780 1006 896 1059 laborem
972 1012 1008 1059 30

210 1074 271 1126 Sese
283 1073 360 1139 ferre,
374 1090 447 1125 senes
459 1079 492 1125 ut
504 1074 533 1125 in
545 1074 600 1125 otia
612 1079 673 1125 tuta
684 1074 816 1142 recedant,

209 1144 302 1208 Aiunt,
315 1159 399 1212 quum
411 1141 460 1193 sibi
473 1143 527 1194 sint
538 1148 664 1210 congesta
675 1142 788 1195 cibaria:
806 1144 875 1197 sicut

211 1212 334 1277 Parvula,
346 1228 409 1262 nam
422 1210 542 1279 exemplo
554 1217 602 1277 ost,
614 1211 704 1280 magni
715 1212 826 1265 formica
836 1213 932 1265 laboris

210 1281 261 1333 Ore
273 1280 359 1333 trahit
370 1280 546 1349 quodcunque
557 1286 646 1349 potent
657 1287 739 1347 etque
750 1280 826 1333 addit
838 1300 938 1349 acervo,

210 1350 295 1413 Quem
310 1350 397 1431 struit²
411 1348 485 1402 haud
497 1349 589 1417 ignara
601 1366 632 1401 ao
644 1366 698 1401 non
710 1350 818 1402 incauta
829 1350 920 1404 futuri.

210 1420 283 1487 Quoc,
295 1418 376 1471 simul
388 1435 523 1471 inversum
535 1418 676 1472 contristat
687 1416 820 1486 Aquarius
831 1436 940 1486 annum,
1032 1470 1037 1479 ,

209 1488 270 1541 Non
282 1505 394 1556 usquam
406 1488 524 1557 prorepit
536 1492 563 1541 et
574 1486 629 1539 illis
640 1489 728 1539 utitur
739 1493 803 1540 ante

211 1557 333 1621 Quaesitis
346 1554 469 1625 eapiene¹,
482 1573 566 1625 quum
578 1562 606 1608 te
617 1572 703 1639 neque
713 1555 832 1609 fervidus
844 1564 926 1610 aeetue

210 1627 355 1679 Demoveat
367 1626 447 1690 lucro,
460 1642 545 1695 neque
557 1624 649 1691 hiems,
661 1626 737 1693 ignis,
748 1642 828 1694 mare,
840 1626 948 1692 ferrum,

210 1695 256 1747 Nil
269 1694 354 1747 obstet
366 1692 423 1760 tibi,
436 1693 502 1745 dum
513 1711 547 1745 ne
559 1694 594 1746 eit
607 1700 634 1746 te
646 1694 726 1746 ditior
737 1694 811 1747 ulter.
971 1700 1007 1746 40

211 1762 281 1827 Quid
289 1765 369 1831 juvet
381 1762 539 1815 immensum
551 1766 579 1815 te
591 1764 695 1831 argenti
707 1761 810 1831 pondus
822 1768 849 1815 et
861 1764 920 1815 auri

211 1832 316 1884 Furtim
328 1828 431 1883 defossa
442 1828 568 1883 timidum
580 1831 709 1900 deponere
721 1832 810 1885 terrai

212 1898 315 1960 “Quod
327 1898 349 1950 si
361 1898 530 1965 comminuas,
543 1898 622 1952 vilem
633 1898 770 1967 redigatirr
781 1898 816 1951 nd
828 1901 936 1953 aseenn”

211 1974 256 2039 At,
267 1971 296 2023 ni
308 1970 336 2022 id
348 1969 387 2036 fit,
399 1967 465 2039 quid
477 1966 558 2021 hebet
570 1968 676 2038 pulchri
688 1973 856 2022 construetur
867 1969 996 2021 acervusl

212 2040 289 2095 Milia
299 2038 429 2093 frumenti
440 2044 488 2091 tua
500 2036 606 2091 triverit
617 2055 678 2091 areo
690 2042 806 2105 centum,

212 2110 272 2162 Non
283 2116 346 2162 tuus
358 2109 407 2162 hoc
418 2107 507 2177 'cupiet
519 2112 612 2160 venter
623 2106 683 2177 plus
695 2122 726 2159 ac
738 2122 826 2158 meuc:
845 2111 877 2157 ιιι
889 2104 911 2156 oi

214 2179 365 2233 Reticulum
377 2176 453 2247 panis
466 2176 570 2229 venulae
582 2176 653 2228 inter
664 2181 759 2227 onusto

213 2248 291 2300 Forte
304 2246 382 2301 vehar
394 2247 503 2301 humero
523 2244 607 2297 nihilo
619 2244 679 2314 plus
691 2242 805 2311 accipias
817 2259 897 2310 quam
1111 2267 1122 2307 ι

214 2317 266 2381 Qui
277 2314 317 2369 nil
328 2316 448 2385 portarit.
485 2287 532 2367 erl
546 2314 597 2381 die,
610 2311 675 2383 quid
687 2313 784 2364 referat
796 2310 867 2362 intra

214 2385 324 2437 Naturae
335 2382 520 2449 fiueeviventi
528 2384 625 2450 jugero
637 2387 790 2434 eentuman
973 2386 1008 2432 50

214 2456 290 2511 Mille
301 2454 377 2509 aretl
407 2454 421 2480 “
430 2455 466 2504 At
478 2467 557 2503 suave
569 2458 610 2503 est
621 2468 654 2503 ex
666 2465 762 2517 magno
773 2448 865 2501 tollere
876 2448 991 2501 aoervo.”

214 2522 285 2573 Dum
297 2538 331 2572 ex
343 2536 424 2588 parvo
436 2515 509 2569 nobie
522 2518 681 2569 tantundem
693 2516 799 2569 haurire
810 2516 950 2587 relinquas,

215 2591 268 2642 Cur
280 2595 327 2641 tue
338 2588 399 2655 plus
409 2584 501 2639 laudes
514 2584 626 2637 cumerio
637 2586 761 2652 mnuria
771 2585 885 2638 nostris?

215 2660 252 2709 Ut
265 2657 313 2710 tibi
328 2656 350 2709 oi
362 2656 397 2709 eit
409 2670 474 2725 opus
486 2652 582 2723 liquidi
594 2671 646 2706 non
659 2653 772 2722 amplius
785 2671 858 2719 urna,

215 2726 266 2779 Vel
277 2724 380 2793 cyatho,
392 2731 419 2778 et
431 2725 510 2791 dicae,
523 2726 537 2753 “
545 2724 644 2791 Magno
656 2724 688 2776 de
700 2726 808 2779 flumine
819 2725 925 2778 mallem

217 2795 302 2859 Quam
314 2811 348 2845 ex
360 2794 408 2844 hoo
420 2791 548 2844 fonticulo
560 2792 718 2843 tantundem
729 2794 853 2846 sumere.”
888 2794 926 2846 llo
938 2794 976 2859 fit,

298 2883 306 2902 ⁸
321 2876 420 2916 Praefldur
429 2877 463 2915 lrie
473 2886 547 2925 cumpo
556 2874 629 2919 mileu
821 2874 828 2900 ¹
841 2876 922 2923 potior..-
