<?xml version="1.0" encoding="UTF-8"?>
<!DOCTYPE html PUBLIC "-//W3C//DTD XHTML 1.0 Transitional//EN"
    "http://www.w3.org/TR/xhtml1/DTD/xhtml1-transitional.dtd">
<html xmlns="http://www.w3.org/1999/xhtml" xml:lang="en" lang="en">
 <head>
  <title>
</title>
<meta http-equiv="Content-Type" content="text/html;charset=utf-8" />
  <meta name='ocr-system' content='tesseract 3.04.00' />
  <meta name='ocr-capabilities' content='ocr_page ocr_carea ocr_par ocr_line ocrx_word'/>
</head>
<body>
  <div class='ocr_page' id='page_1' title='image "./qhoratiiflaccio04flacgoog_0124.png"; bbox 0 0 2409 3317; ppageno 0'>
   <div class='ocr_carea' id='block_1_1' title="bbox 402 673 809 739">
    <p class='ocr_par' dir='ltr' id='par_1_1' title="bbox 402 673 809 739">
     <span class='ocr_line' id='line_1_1' title="bbox 402 673 809 739; baseline -0.02 0"><span class='ocrx_word' id='word_1_1' title='bbox 402 677 439 739; x_wconf 84' lang='lat' dir='ltr'><strong>Q.</strong></span> <span class='ocrx_word' id='word_1_2' title='bbox 462 674 638 733; x_wconf 84' lang='lat' dir='ltr'><strong>HORATII</strong></span> <span class='ocrx_word' id='word_1_3' title='bbox 658 673 809 732; x_wconf 81' lang='lat' dir='ltr'><strong>FLAOCI</strong></span> 
     </span>
    </p>
   </div>
   <div class='ocr_carea' id='block_1_2' title="bbox 336 862 869 959">
    <p class='ocr_par' dir='ltr' id='par_1_2' title="bbox 336 862 869 959">
     <span class='ocr_line' id='line_1_2' title="bbox 336 862 869 959; baseline -0.015 0"><span class='ocrx_word' id='word_1_4' title='bbox 336 862 869 959; x_wconf 80' lang='lat' dir='ltr'><strong>EPODON</strong></span> 
     </span>
    </p>
   </div>
   <div class='ocr_carea' id='block_1_3' title="bbox 549 1061 666 1117">
    <p class='ocr_par' dir='ltr' id='par_1_3' title="bbox 549 1061 666 1117">
     <span class='ocr_line' id='line_1_3' title="bbox 549 1061 666 1117; baseline -0.017 0"><span class='ocrx_word' id='word_1_5' title='bbox 549 1061 666 1117; x_wconf 78' lang='lat' dir='ltr'><strong>LIBER.</strong></span> 
     </span>
    </p>
   </div>
   <div class='ocr_carea' id='block_1_4' title="bbox 541 1221 672 1242">
    <p class='ocr_par' dir='ltr' id='par_1_4' title="bbox 541 1221 672 1242">
     <span class='ocr_line' id='line_1_4' title="bbox 541 1221 672 1242; baseline -0.031 0"><span class='ocrx_word' id='word_1_6' title='bbox 541 1221 672 1242; x_wconf 60' lang='lat' dir='ltr'><em>W</em></span> 
     </span>
    </p>
   </div>
   <div class='ocr_carea' id='block_1_5' title="bbox 368 1330 831 1387">
    <p class='ocr_par' dir='ltr' id='par_1_5' title="bbox 368 1330 831 1387">
     <span class='ocr_line' id='line_1_5' title="bbox 368 1330 831 1387; baseline -0.017 -1"><span class='ocrx_word' id='word_1_7' title='bbox 368 1330 517 1387; x_wconf 79' lang='lat' dir='ltr'>GARMEN</span> <span class='ocrx_word' id='word_1_8' title='bbox 535 1330 630 1383; x_wconf 80' lang='lat' dir='ltr'><strong>1.-sn</strong></span> <span class='ocrx_word' id='word_1_9' title='bbox 644 1341 831 1380; x_wconf 73' lang='lat' dir='ltr'><strong>unumunurn.</strong></span> 
     </span>
    </p>
   </div>
   <div class='ocr_carea' id='block_1_6' title="bbox 280 1430 1005 2951">
    <p class='ocr_par' dir='ltr' id='par_1_6' title="bbox 282 1430 755 1575">
     <span class='ocr_line' id='line_1_6' title="bbox 282 1430 755 1498; baseline -0.015 -7"><span class='ocrx_word' id='word_1_10' title='bbox 282 1438 341 1491; x_wconf 85' lang='lat' dir='ltr'><strong>Isss</strong></span> <span class='ocrx_word' id='word_1_11' title='bbox 354 1437 476 1491; x_wconf 78' lang='lat' dir='ltr'><strong>Liburnis</strong></span> <span class='ocrx_word' id='word_1_12' title='bbox 488 1434 558 1489; x_wconf 85' lang='lat' dir='ltr'><strong>inter</strong></span> <span class='ocrx_word' id='word_1_13' title='bbox 569 1430 626 1488; x_wconf 78' lang='lat' dir='ltr'><strong>alte</strong></span> <span class='ocrx_word' id='word_1_14' title='bbox 637 1431 755 1498; x_wconf 76' lang='lat' dir='ltr'><strong>nerium,</strong></span> 
     </span>
     <span class='ocr_line' id='line_1_7' title="bbox 316 1502 632 1575; baseline -0.022 -12"><span class='ocrx_word' id='word_1_15' title='bbox 316 1506 414 1573; x_wconf 75' lang='lat' dir='ltr'><strong>Amice,</strong></span> <span class='ocrx_word' id='word_1_16' title='bbox 426 1502 632 1575; x_wconf 73' lang='lat' dir='ltr'><strong>propugnaculis,</strong></span> 
     </span>
    </p>

    <p class='ocr_par' dir='ltr' id='par_1_7' title="bbox 282 1568 763 1710">
     <span class='ocr_line' id='line_1_8' title="bbox 282 1568 763 1640; baseline -0.012 -14"><span class='ocrx_word' id='word_1_17' title='bbox 282 1576 394 1629; x_wconf 83' lang='lat' dir='ltr'><strong>Perstus</strong></span> <span class='ocrx_word' id='word_1_18' title='bbox 406 1591 483 1627; x_wconf 88' lang='lat' dir='ltr'><strong>omne</strong></span> <span class='ocrx_word' id='word_1_19' title='bbox 495 1572 603 1625; x_wconf 78' lang='lat' dir='ltr'><strong>(iaeseris</strong></span> <span class='ocrx_word' id='word_1_20' title='bbox 615 1568 763 1640; x_wconf 86' lang='lat' dir='ltr'><strong>periculum</strong></span> 
     </span>
     <span class='ocr_line' id='line_1_9' title="bbox 316 1643 633 1710; baseline -0.013 -13"><span class='ocrx_word' id='word_1_21' title='bbox 316 1644 416 1710; x_wconf 81' lang='lat' dir='ltr'><strong>Subire,</strong></span> <span class='ocrx_word' id='word_1_22' title='bbox 429 1643 567 1708; x_wconf 80' lang='lat' dir='ltr'><strong>Moeeenss,</strong></span> <span class='ocrx_word' id='word_1_23' title='bbox 579 1646 633 1694; x_wconf 87' lang='lat' dir='ltr'><strong>tuo.</strong></span> 
     </span>
    </p>

    <p class='ocr_par' dir='ltr' id='par_1_8' title="bbox 282 1703 837 1849">
     <span class='ocr_line' id='line_1_10' title="bbox 282 1703 837 1781; baseline -0.018 -14"><span class='ocrx_word' id='word_1_24' title='bbox 282 1713 351 1778; x_wconf 83' lang='lat' dir='ltr'><strong>Quid</strong></span> <span class='ocrx_word' id='word_1_25' title='bbox 363 1712 428 1766; x_wconf 75' lang='lat' dir='ltr'><strong>nesi</strong></span> <span class='ocrx_word' id='word_1_26' title='bbox 446 1710 542 1781; x_wconf 89' lang='lat' dir='ltr'><strong>quibus</strong></span> <span class='ocrx_word' id='word_1_27' title='bbox 554 1716 581 1764; x_wconf 87' lang='lat' dir='ltr'><strong>te</strong></span> <span class='ocrx_word' id='word_1_28' title='bbox 593 1709 650 1762; x_wconf 78' lang='lat' dir='ltr'><strong>sits</strong></span> <span class='ocrx_word' id='word_1_29' title='bbox 661 1707 684 1759; x_wconf 87' lang='lat' dir='ltr'><strong>si</strong></span> <span class='ocrx_word' id='word_1_30' title='bbox 696 1703 837 1776; x_wconf 73' lang='lat' dir='ltr'><strong>superstite</strong></span> 
     </span>
     <span class='ocr_line' id='line_1_11' title="bbox 315 1776 701 1849; baseline -0.018 -13"><span class='ocrx_word' id='word_1_31' title='bbox 315 1783 335 1836; x_wconf 87' lang='lat' dir='ltr'>J</span> <span class='ocrx_word' id='word_1_32' title='bbox 336 1781 448 1849; x_wconf 57' lang='lat' dir='ltr'><strong>neundu</strong></span> <span class='ocrx_word' id='word_1_33' title='bbox 461 1780 484 1833; x_wconf 89' lang='lat' dir='ltr'><strong>si</strong></span> <span class='ocrx_word' id='word_1_34' title='bbox 495 1785 594 1847; x_wconf 77' lang='lat' dir='ltr'><strong>contre,</strong></span> <span class='ocrx_word' id='word_1_35' title='bbox 607 1776 701 1846; x_wconf 71' lang='lat' dir='ltr'><strong>gnaris</strong></span> 
     </span>
    </p>

    <p class='ocr_par' dir='ltr' id='par_1_9' title="bbox 281 1844 788 1987">
     <span class='ocr_line' id='line_1_12' title="bbox 281 1844 788 1931; baseline -0.014 -28"><span class='ocrx_word' id='word_1_36' title='bbox 281 1850 413 1905; x_wconf 79' lang='lat' dir='ltr'><strong>Utrumne</strong></span> <span class='ocrx_word' id='word_1_37' title='bbox 427 1849 488 1904; x_wconf 87' lang='lat' dir='ltr'><strong>&#39;ussi</strong></span> <span class='ocrx_word' id='word_1_38' title='bbox 500 1862 686 1931; x_wconf 77' lang='lat' dir='ltr'><strong>persequemur</strong></span> <span class='ocrx_word' id='word_1_39' title='bbox 697 1844 788 1911; x_wconf 82' lang='lat' dir='ltr'><strong>otium,</strong></span> 
     </span>
     <span class='ocr_line' id='line_1_13' title="bbox 316 1914 712 1987; baseline -0.013 -14"><span class='ocrx_word' id='word_1_40' title='bbox 316 1920 376 1973; x_wconf 85' lang='lat' dir='ltr'><strong>Non</strong></span> <span class='ocrx_word' id='word_1_41' title='bbox 389 1920 406 1972; x_wconf 90' lang='lat' dir='ltr'>d</span> <span class='ocrx_word' id='word_1_42' title='bbox 435 1936 472 1987; x_wconf 80' lang='lat' dir='ltr'><strong>ee,</strong></span> <span class='ocrx_word' id='word_1_43' title='bbox 484 1934 513 1971; x_wconf 90' lang='lat' dir='ltr'><strong>m</strong></span> <span class='ocrx_word' id='word_1_44' title='bbox 525 1923 614 1971; x_wconf 76' lang='lat' dir='ltr'><strong>tecum</strong></span> <span class='ocrx_word' id='word_1_45' title='bbox 626 1914 712 1980; x_wconf 88' lang='lat' dir='ltr'><strong>simul,</strong></span> 
     </span>
    </p>

    <p class='ocr_par' dir='ltr' id='par_1_10' title="bbox 280 1979 1004 2121">
     <span class='ocr_line' id='line_1_14' title="bbox 280 1979 823 2049; baseline -0.017 -7"><span class='ocrx_word' id='word_1_46' title='bbox 280 1990 324 2042; x_wconf 84' lang='lat' dir='ltr'><strong>An</strong></span> <span class='ocrx_word' id='word_1_47' title='bbox 336 1989 407 2042; x_wconf 87' lang='lat' dir='ltr'><strong>hunc</strong></span> <span class='ocrx_word' id='word_1_48' title='bbox 419 1988 534 2042; x_wconf 88' lang='lat' dir='ltr'><strong>leborem</strong></span> <span class='ocrx_word' id='word_1_49' title='bbox 545 1991 635 2039; x_wconf 87' lang='lat' dir='ltr'><strong>mente</strong></span> <span class='ocrx_word' id='word_1_50' title='bbox 646 1982 735 2049; x_wconf 71' lang='lat' dir='ltr'><strong>laturi,</strong></span> <span class='ocrx_word' id='word_1_51' title='bbox 747 1979 823 2035; x_wconf 73' lang='lat' dir='ltr'><strong>deest</strong></span> 
     </span>
     <span class='ocr_line' id='line_1_15' title="bbox 316 2050 1004 2121; baseline -0.016 -11"><span class='ocrx_word' id='word_1_52' title='bbox 316 2056 375 2121; x_wconf 77' lang='lat' dir='ltr'><strong>Qus</strong></span> <span class='ocrx_word' id='word_1_53' title='bbox 386 2058 453 2110; x_wconf 84' lang='lat' dir='ltr'><strong>ferre</strong></span> <span class='ocrx_word' id='word_1_54' title='bbox 464 2072 518 2109; x_wconf 89' lang='lat' dir='ltr'><strong>non</strong></span> <span class='ocrx_word' id='word_1_55' title='bbox 529 2054 622 2108; x_wconf 86' lang='lat' dir='ltr'><strong>molles</strong></span> <span class='ocrx_word' id='word_1_56' title='bbox 633 2051 719 2106; x_wconf 75' lang='lat' dir='ltr'><strong>virosi</strong></span> <span class='ocrx_word' id='word_1_57' title='bbox 971 2050 1004 2099; x_wconf 90' lang='lat'><strong>10</strong></span> 
     </span>
    </p>

    <p class='ocr_par' dir='ltr' id='par_1_11' title="bbox 281 2118 799 2276">
     <span class='ocr_line' id='line_1_16' title="bbox 281 2118 799 2193; baseline -0.014 -14"><span class='ocrx_word' id='word_1_58' title='bbox 281 2125 405 2179; x_wconf 77' lang='lat' dir='ltr'><strong>Fer-emus</strong></span> <span class='ocrx_word' id='word_1_59' title='bbox 417 2132 445 2179; x_wconf 89' lang='lat' dir='ltr'><strong>et</strong></span> <span class='ocrx_word' id='word_1_60' title='bbox 456 2131 484 2178; x_wconf 90' lang='lat' dir='ltr'><strong>te</strong></span> <span class='ocrx_word' id='word_1_61' title='bbox 495 2124 537 2178; x_wconf 80' lang='lat' dir='ltr'><strong>vel</strong></span> <span class='ocrx_word' id='word_1_62' title='bbox 550 2140 597 2193; x_wconf 87' lang='lat' dir='ltr'><strong>per</strong></span> <span class='ocrx_word' id='word_1_63' title='bbox 609 2121 716 2191; x_wconf 82' lang='lat' dir='ltr'><strong>Alpium</strong></span> <span class='ocrx_word' id='word_1_64' title='bbox 724 2118 799 2187; x_wconf 68' lang='lat' dir='ltr'><strong>juga,</strong></span> 
     </span>
     <span class='ocr_line' id='line_1_17' title="bbox 317 2192 712 2276; baseline -0.01 -29"><span class='ocrx_word' id='word_1_65' title='bbox 317 2193 507 2276; x_wconf 77' lang='lat' dir='ltr'><strong>Inhospitslem</strong></span> <span class='ocrx_word' id='word_1_66' title='bbox 520 2198 547 2246; x_wconf 88' lang='lat' dir='ltr'><strong>et</strong></span> <span class='ocrx_word' id='word_1_67' title='bbox 559 2192 712 2255; x_wconf 61' lang='lat' dir='ltr'><strong>uenenum,</strong></span> 
     </span>
    </p>

    <p class='ocr_par' dir='ltr' id='par_1_12' title="bbox 283 2255 880 2400">
     <span class='ocr_line' id='line_1_18' title="bbox 283 2255 880 2329; baseline -0.017 -12"><span class='ocrx_word' id='word_1_68' title='bbox 283 2262 332 2317; x_wconf 81' lang='lat' dir='ltr'><strong>Vel</strong></span> <span class='ocrx_word' id='word_1_69' title='bbox 345 2262 494 2316; x_wconf 78' lang='lat' dir='ltr'><strong>Occidentis</strong></span> <span class='ocrx_word' id='word_1_70' title='bbox 505 2277 589 2329; x_wconf 83' lang='lat' dir='ltr'><strong>usque</strong></span> <span class='ocrx_word' id='word_1_71' title='bbox 600 2259 635 2313; x_wconf 82' lang='lat' dir='ltr'><strong>sd</strong></span> <span class='ocrx_word' id='word_1_72' title='bbox 646 2257 773 2311; x_wconf 88' lang='lat' dir='ltr'><strong>ultimum</strong></span> <span class='ocrx_word' id='word_1_73' title='bbox 784 2255 880 2321; x_wconf 86' lang='lat' dir='ltr'><strong>sinum,</strong></span> 
     </span>
     <span class='ocr_line' id='line_1_19' title="bbox 316 2332 663 2400; baseline -0.012 -16"><span class='ocrx_word' id='word_1_74' title='bbox 316 2332 389 2386; x_wconf 80' lang='lat' dir='ltr'><strong>Forti</strong></span> <span class='ocrx_word' id='word_1_75' title='bbox 402 2347 540 2400; x_wconf 83' lang='lat' dir='ltr'><strong>sequemur</strong></span> <span class='ocrx_word' id='word_1_76' title='bbox 551 2335 663 2399; x_wconf 85' lang='lat' dir='ltr'><strong>pectore.</strong></span> 
     </span>
    </p>

    <p class='ocr_par' dir='ltr' id='par_1_13' title="bbox 282 2397 814 2536">
     <span class='ocr_line' id='line_1_20' title="bbox 282 2397 814 2523; baseline -0.017 -68"><span class='ocrx_word' id='word_1_77' title='bbox 282 2402 373 2523; x_wconf 66' lang='lat' dir='ltr'><strong>Rupes,</strong></span> <span class='ocrx_word' id='word_1_78' title='bbox 386 2408 463 2454; x_wconf 83' lang='lat' dir='ltr'><strong>tuum</strong></span> <span class='ocrx_word' id='word_1_79' title='bbox 474 2399 562 2453; x_wconf 71' lang='lat' dir='ltr'><strong>labore</strong></span> <span class='ocrx_word' id='word_1_80' title='bbox 573 2397 639 2468; x_wconf 86' lang='lat' dir='ltr'><strong>quid</strong></span> <span class='ocrx_word' id='word_1_81' title='bbox 647 2398 738 2464; x_wconf 71' lang='lat' dir='ltr'><strong>juvem</strong></span> <span class='ocrx_word' id='word_1_82' title='bbox 748 2409 814 2459; x_wconf 86' lang='lat' dir='ltr'><strong>meo,</strong></span> 
     </span>
     <span class='ocr_line' id='line_1_21' title="bbox 331 2462 703 2536; baseline -0.019 -13"><span class='ocrx_word' id='word_1_83' title='bbox 331 2470 434 2524; x_wconf 87' lang='lat' dir='ltr'><strong>mbellis</strong></span> <span class='ocrx_word' id='word_1_84' title='bbox 445 2484 477 2523; x_wconf 81' lang='lat' dir='ltr'><strong>ee</strong></span> <span class='ocrx_word' id='word_1_85' title='bbox 488 2466 579 2521; x_wconf 85' lang='lat' dir='ltr'><strong>firmus</strong></span> <span class='ocrx_word' id='word_1_86' title='bbox 590 2462 703 2536; x_wconf 73' lang='lat' dir='ltr'><strong>purum?</strong></span> 
     </span>
    </p>

    <p class='ocr_par' dir='ltr' id='par_1_14' title="bbox 282 2533 807 2675">
     <span class='ocr_line' id='line_1_22' title="bbox 282 2533 807 2599; baseline -0.017 -6"><span class='ocrx_word' id='word_1_87' title='bbox 282 2540 372 2593; x_wconf 78' lang='lat' dir='ltr'><strong>Comes</strong></span> <span class='ocrx_word' id='word_1_88' title='bbox 383 2538 484 2592; x_wconf 85' lang='lat' dir='ltr'><strong>minore</strong></span> <span class='ocrx_word' id='word_1_89' title='bbox 496 2554 555 2590; x_wconf 90' lang='lat' dir='ltr'><strong>sum</strong></span> <span class='ocrx_word' id='word_1_90' title='bbox 566 2536 673 2589; x_wconf 83' lang='lat' dir='ltr'><strong>iuturus</strong></span> <span class='ocrx_word' id='word_1_91' title='bbox 685 2533 714 2586; x_wconf 90' lang='lat' dir='ltr'><strong>in</strong></span> <span class='ocrx_word' id='word_1_92' title='bbox 725 2538 807 2599; x_wconf 84' lang='lat' dir='ltr'><strong>metu,</strong></span> 
     </span>
     <span class='ocr_line' id='line_1_23' title="bbox 317 2602 703 2675; baseline -0.018 -13"><span class='ocrx_word' id='word_1_93' title='bbox 317 2608 369 2673; x_wconf 85' lang='lat' dir='ltr'><strong>Qui</strong></span> <span class='ocrx_word' id='word_1_94' title='bbox 380 2609 463 2675; x_wconf 77' lang='lat' dir='ltr'><strong>major</strong></span> <span class='ocrx_word' id='word_1_95' title='bbox 476 2607 595 2661; x_wconf 69' lang='lat' dir='ltr'><strong>absentes</strong></span> <span class='ocrx_word' id='word_1_96' title='bbox 607 2602 703 2665; x_wconf 72' lang='lat' dir='ltr'><strong>hubet3</strong></span> 
     </span>
    </p>

    <p class='ocr_par' dir='ltr' id='par_1_15' title="bbox 284 2669 1005 2814">
     <span class='ocr_line' id='line_1_24' title="bbox 284 2669 794 2744; baseline -0.014 -15"><span class='ocrx_word' id='word_1_97' title='bbox 284 2676 322 2729; x_wconf 88' lang='lat' dir='ltr'><strong>Ut</strong></span> <span class='ocrx_word' id='word_1_98' title='bbox 334 2676 449 2729; x_wconf 72' lang='lat' dir='ltr'><strong>assidens</strong></span> <span class='ocrx_word' id='word_1_99' title='bbox 461 2673 633 2744; x_wconf 89' lang='lat' dir='ltr'><strong>implumibus</strong></span> <span class='ocrx_word' id='word_1_100' title='bbox 645 2671 726 2741; x_wconf 86' lang='lat' dir='ltr'><strong>pullis</strong></span> <span class='ocrx_word' id='word_1_101' title='bbox 737 2669 794 2723; x_wconf 75' lang='lat' dir='ltr'><strong>svis</strong></span> 
     </span>
     <span class='ocr_line' id='line_1_25' title="bbox 317 2736 1005 2814; baseline -0.017 -15"><span class='ocrx_word' id='word_1_102' title='bbox 317 2744 485 2814; x_wconf 78' lang='lat' dir='ltr'><strong>Serpentium</strong></span> <span class='ocrx_word' id='word_1_103' title='bbox 496 2744 614 2813; x_wconf 82' lang='lat' dir='ltr'><strong>ellspsus</strong></span> <span class='ocrx_word' id='word_1_104' title='bbox 623 2741 702 2794; x_wconf 83' lang='lat' dir='ltr'><strong>timet</strong></span> <span class='ocrx_word' id='word_1_105' title='bbox 971 2736 1005 2787; x_wconf 79' lang='lat'><strong>20</strong></span> 
     </span>
    </p>

    <p class='ocr_par' dir='ltr' id='par_1_16' title="bbox 283 2805 791 2951">
     <span class='ocr_line' id='line_1_26' title="bbox 283 2805 791 2883; baseline -0.016 -17"><span class='ocrx_word' id='word_1_106' title='bbox 283 2812 370 2883; x_wconf 74' lang='lat' dir='ltr'><strong>Magis</strong></span> <span class='ocrx_word' id='word_1_107' title='bbox 381 2812 488 2881; x_wconf 78' lang='lat' dir='ltr'><strong>relictis,</strong></span> <span class='ocrx_word' id='word_1_108' title='bbox 499 2828 560 2879; x_wconf 87' lang='lat' dir='ltr'><strong>nen,</strong></span> <span class='ocrx_word' id='word_1_109' title='bbox 571 2816 605 2864; x_wconf 86' lang='lat' dir='ltr'><strong>ut</strong></span> <span class='ocrx_word' id='word_1_110' title='bbox 616 2809 693 2874; x_wconf 72' lang='lat' dir='ltr'><strong>sunit,</strong></span> <span class='ocrx_word' id='word_1_111' title='bbox 706 2805 791 2861; x_wconf 73' lang='lat' dir='ltr'><strong>auxili</strong></span> 
     </span>
     <span class='ocr_line' id='line_1_27' title="bbox 317 2878 679 2951; baseline -0.017 -14"><span class='ocrx_word' id='word_1_112' title='bbox 317 2884 417 2938; x_wconf 67' lang='lat' dir='ltr'><strong>Istune</strong></span> <span class='ocrx_word' id='word_1_113' title='bbox 427 2881 487 2950; x_wconf 87' lang='lat' dir='ltr'><strong>plus</strong></span> <span class='ocrx_word' id='word_1_114' title='bbox 499 2878 679 2951; x_wconf 72' lang='lat' dir='ltr'><strong>presentibus</strong></span> 
     </span>
    </p>
   </div>
   <div class='ocr_carea' id='block_1_7' title="bbox 0 0 1210 3317">
    <p class='ocr_par' dir='ltr' id='par_1_17' title="bbox 0 0 1210 3317">
     <span class='ocr_line' id='line_1_28' title="bbox 0 0 1210 3317; baseline 0 0"><span class='ocrx_word' id='word_1_115' title='bbox 0 0 1210 3317; x_wconf 95' lang='lat' dir='ltr'><strong> </strong></span> 
     </span>
    </p>
   </div>
  </div>
 </body>
</html>
