2409 3317
213 306 264 361 240
548 308 700 365 HORA'l'II

209 412 285 467 Tibia
296 428 357 479 nou,
369 417 400 466 ut
412 429 490 483 nune,
502 412 632 466 orichalco
644 412 734 467 vincta
746 411 868 484 tubeque

208 482 323 549 AEmula,
336 482 381 534 sed
392 482 480 534 tenuis
491 482 655 551 simplexque
666 481 794 535 foramine
805 496 891 550 pauco

209 551 353 620 Adspirare
364 556 392 603 et
403 550 492 604 edesse
504 550 589 604 choris
601 556 658 604 erut
670 550 745 604 utilis
756 556 837 618 atque

208 620 334 674 Nondum
346 619 429 694 spisse
439 619 518 673 nimis
529 619 659 740 complere
671 619 764 673 sedilia
774 619 856 683 flatu3

209 689 267 755 Quo
279 706 343 742 seue
353 687 469 757 populus
480 704 590 742 numera
607 688 650 740 ilis
662 693 756 757 utpote
767 704 864 756 pervus

209 758 245 811 Et
256 757 328 828 frugi
339 763 477 826 castusque
489 756 702 825 verecundusque
714 755 813 809 coibat

212 825 356 895 Postquam
367 826 448 895 coepit
459 842 536 894 egros
548 825 689 879 extendere
701 825 785 879 vietor
796 829 824 878 et
835 822 912 877 urbes

210 894 301 948 latior
311 894 437 963 amplecti
448 912 539 947 murus
551 895 665 963 vinoque
676 894 772 947 diurno

212 962 316 1018 Plseari
328 963 427 1017 (lenius
438 964 512 1017 testis
523 964 633 1033 impune
644 961 743 1030 diebus,
952 962 1002 1011 210
1115 957 1116 979 ¹

211 1032 329 1085 Accessit
340 1032 508 1101 numerisque
518 1032 654 1101 modisque
665 1031 773 1085 licentia
783 1032 882 1099 majam

212 1101 339 1154 Indoctus
350 1101 414 1169 quid
427 1101 497 1154 enim
509 1107 612 1171 saperet
623 1101 741 1222 liberqure
753 1098 871 1153 laborum

212 1170 337 1223 Rusticus
348 1169 449 1222 urbano
460 1170 593 1237 confusus,
605 1170 691 1251 turpis
701 1207 704 1213 -
722 1168 831 1223 onestol

212 1239 256 1292 Sic
268 1239 360 1307 priseae
371 1245 525 1307 motumque
536 1245 564 1293 et
575 1237 708 1291 luxuriem
719 1237 823 1292 eddidit
835 1236 886 1290 arti
1053 1309 1055 1313 Ι
1112 1186 1117 1315 l

211 1307 319 1361 Tibicen
331 1308 465 1375 traxitque
477 1324 560 1377 vagus
571 1324 620 1377 per
631 1308 736 1377 pulpita
747 1311 862 1369 vestem

212 1375 256 1429 Sic
267 1376 349 1430 etiam
359 1376 456 1429 fidibus
469 1394 543 1431 voees
555 1393 659 1430 crevere
671 1376 766 1429 severis

212 1445 249 1498 Et
260 1445 326 1499 tulit
337 1445 470 1515 eloquium
481 1446 617 1499 insolitum
628 1445 754 1499 facundie
765 1460 889 1513 preceps,

213 1514 379 1583 Utiliumque
390 1531 473 1582 sagax
483 1532 572 1568 rerum
583 1519 612 1567 et
623 1513 715 1567 divina
727 1513 813 1567 futuri

213 1582 349 1652 Sortilegis
359 1600 413 1636 non
425 1583 570 1653 discrepuit
581 1583 713 1637 sententie
723 1582 774 1636 Del
792 1581 842 1637 his

214 1652 338 1706 Carmine
351 1652 398 1720 qui
409 1652 510 1722 tragico
521 1652 602 1706 vilem
614 1652 725 1706 certavit
737 1651 770 1706 ob
802 1651 808 1664 ‘
839 1668 894 1717 um,
955 1650 1006 1701 220

214 1719 280 1773 Mox
292 1721 372 1774 etiam
384 1728 498 1789 agrestes
511 1721 618 1790 Satyros
629 1720 743 1775 nudavit
754 1725 782 1773 et
794 1736 870 1789 asper

216 1789 345 1841 Incolumi
356 1790 488 1857 graviute
497 1792 587 1859 jocum
598 1790 715 1843 tentarit
727 1806 765 1857 eo,
795 1788 849 1842 uod

216 1856 349 1910 Illecebris
360 1864 418 1911 erut
429 1864 457 1912 et
468 1863 546 1927 grata
556 1858 677 1912 novitete
688 1806 831 1911 morandus

215 1925 234 1978 S
283 1931 352 1979 tutor
362 1926 524 1996 functusque
536 1927 616 1979 sacris
628 1932 655 1980 et
701 1932 746 1980 tus
757 1932 785 1980 et
798 1925 883 1979 exlex.

241 2012 315 2048 erum
326 1994 366 2048 ita
376 1995 476 2062 risores,
489 1996 528 2050 ita
539 2012 659 2049 commen
734 1996 836 2049 dioeces

216 2063 360 2119 Conveniet
371 2063 486 2134 Satyros,
497 2065 538 2119 ita
549 2070 650 2118 vertere
663 2065 730 2118 seria
741 2064 812 2131 ludo,

216 2133 257 2186 Ne
270 2132 418 2202 quicumque
430 2134 509 2202 Deua,
522 2135 674 2203 quicunque
685 2133 856 2187 adhibebitur
867 2129 950 2195 heros,
1066 2155 1069 2159 ·

218 2202 312 2271 Reguli
323 2219 385 2255 cons
446 2220 478 2255 us
489 2203 519 2255 in
530 2219 595 2257 auro
606 2219 692 2272 nuper
702 2206 730 2255 et
742 2206 820 2269 ostro,

217 2270 317 2339 Migret
328 2272 357 2323 in
369 2289 384 2324 o
503 2272 600 2325 humili
612 2287 730 2325 sermone
742 2270 872 2334 tabernas,

217 2340 282 2407 Aut,
294 2340 358 2393 dum
370 2341 439 2395 vitet
450 2342 570 2409 humum,
581 2340 666 2394 nubes
678 2345 705 2393 et
716 2339 808 2393 inanis
820 2341 909 2405 captet
959 2336 1011 2387 230

218 2408 412 2463 Effutireleves
424 2410 535 2479 indigna
547 2409 686 2478 Tragoedia
696 2425 793 2475 versus,
1118 2410 1119 2427 ¹

219 2477 257 2530 Ut
268 2477 342 2531 lestis
353 2484 475 2534 matrona
485 2478 585 2533 moveri
593 2480 669 2547 jussa
681 2476 781 2543 diebus,

220 2543 344 2599 Intererit
355 2545 456 2615 Satyris
468 2548 588 2616 peullum
600 2545 757 2616 pudibunde
768 2542 904 2614 protervis.

218 2612 280 2665 Non
291 2632 340 2683 ego
352 2615 474 2668 inornata
485 2621 513 2668 et
524 2616 690 2669 dominantia
700 2614 811 2668 nomine
823 2612 908 2666 solum

221 2680 366 2751 Verbaque,
378 2683 492 2751 Pisones,
504 2684 658 2804 Satppprum
670 2683 782 2751 scriptor
793 2681 900 2745 umabo;

221 2750 424 2804 Necsicenitar
497 2752 535 2805 'co
567 2751 750 2818 'errecolri

222 2818 259 2871 Ut
270 2818 338 2871 nihil
350 2818 463 2888 intersit,
474 2822 598 2873 Davusne
610 2819 734 2890 loquutur
745 2823 773 2873 et
784 2818 874 2872 andex
