2409 3317
421 388 632 458 sumnum
649 390 673 448 l.
690 394 715 460 2,
732 393 758 448 {t
937 395 988 446 133

190 488 281 557 Usque
292 488 326 545 ed
335 489 406 546 mels
416 493 510 547 citeret
515 492 528 559 ¹,
540 494 555 525 “
563 493 593 551 Io
605 493 709 549 Beeche
718 496 743 548 t”
759 490 838 548 mede
849 509 953 551 summe

191 556 271 624 Voce,
282 558 359 611 mode
371 558 428 626 hnc,
440 565 545 613 resonet
573 576 615 613 use
627 560 730 614 chordis
742 566 866 630 quettucr
877 567 939 616 ime.

189 623 238 677 Nil
250 626 350 694 sequsle
361 626 462 680 homini
473 627 528 681 fuit
539 577 595 693 iliu
613 646 683 698 serpe
694 628 769 683 velut
781 629 826 698 qui

191 693 319 751 Currebst
330 695 435 763 fugiens
447 695 555 762 hostem,
568 714 684 766 persepe
695 697 770 751 velut
781 698 828 767 qui
954 703 986 753 10

189 760 306 816 ‚lunonis
319 780 393 817 sucre
404 764 497 818 ferret:
516 764 631 819 hsbebet
642 783 711 835 ssepe
722 765 856 834 ducentes,

190 828 265 899 Soepe
277 830 366 897 decem
378 848 464 885 servos
471 852 479 897 ;
496 834 573 887 mede
584 851 659 903 reges
671 839 752 904 etque
765 834 916 904 tetrarchas,

190 898 524 983 Omniemegnnlcquenn
541 902 632 957 medo:
651 902 862 958 Sitmihisnense
870 906 984 976 tripeset

190 967 296 1021 Oonche
307 968 369 1022 selis
380 986 441 1037 pun
453 975 480 1023 et
492 976 562 1040 tege,
574 988 633 1041 que
645 971 784 1026 defendere
795 973 880 1042 frigus

190 1036 316 1100 Quemvis
328 1054 414 1091 cresse
425 1044 513 1120 quest.
547 1040 641 1093 Decies
653 1046 764 1095 centens
775 1041 890 1097 dedisses

189 1103 263 1157 Huic
275 1122 354 1175 pesco
366 1122 458 1175 peucrs
470 1114 601 1176 contente,
613 1110 679 1190 quin
696 1126 730 1163 ue
743 1110 835 1163 diebus

188 1172 236 1225 Nil
248 1179 306 1227 erut
317 1174 346 1227 in
357 1174 457 1231 loculis
481 1240 483 1245 Ι
493 1177 590 1231 Noctes
601 1178 685 1247 vigile
719 1184 731 1232 t
743 1179 777 1232 ed
789 1180 878 1248 ipsum

189 1240 278 1311 Mene,
290 1243 359 1297 diem
372 1248 459 1297 totum
470 1244 597 1299 stertebat
603 1263 611 1309 ;
628 1245 668 1298 nil
679 1248 733 1300 fuit
744 1265 862 1316 unquern

190 1310 235 1364 Sic
247 1312 332 1381 imper
343 1312 400 1367 sibi.
435 1312 514 1366 Nunc
525 1312 621 1383 nliquis
632 1314 704 1367 diest
715 1314 790 1381 mihi,
802 1312 895 1379 “Quid
907 1320 938 1367 tu
948 1314 958 1365 l

188 1377 304 1432 Nullane
313 1378 392 1433 hebes
399 1380 501 1433 vitisl''
520 1380 815 1434 Immouliseticrtssse
821 1381 931 1433 minere„
944 1384 977 1431 20

188 1446 303 1504 Msenius
314 1446 447 1499 absentem
460 1448 576 1501 Novium
588 1465 671 1516 quum
679 1452 804 1515 carperet,
817 1447 913 1500 “Heus
922 1449 976 1511 ιιι,”

189 1514 304 1578 Quidum
316 1514 362 1580 eit,
374 1515 389 1543 “
396 1514 500 1582 ignores
511 1521 538 1567 te
548 1515 558 1568 l
575 1532 612 1567 en
623 1520 655 1567 ut
666 1515 789 1583 ignotum
800 1513 863 1567 dere
874 1514 949 1567 nobis

115 1638 120 1645 ¹
189 1581 277 1635 Verba
287 1587 366 1651 putes
375 1580 405 1634 l”
424 1582 557 1651 “Egomet
567 1583 605 1636 mi
617 1579 747 1651 ignosco,''
757 1580 871 1634 Msenius
883 1582 978 1663 inqiut.

188 1646 293 1702 Stultus
305 1653 332 1702 et
343 1646 476 1717 improbus
487 1649 531 1703 hic
543 1666 616 1703 umor
627 1654 668 1703 est
679 1649 826 1718 dignusque
837 1653 931 1703 nctsrs

188 1716 277 1782 Quum
289 1722 337 1771 tue
348 1717 507 1785 pervideam
518 1717 600 1771 oculis
612 1716 684 1771 msle
694 1717 783 1789 lippus
795 1717 919 1778 inunctis.

188 1784 241 1839 (tur
251 1786 280 1843 in
292 1786 435 1840 emicomm
447 1785 519 1841 vitiis
530 1792 587 1840 tem
598 1786 683 1840 cernis
694 1792 812 1853 scutum,

188 1854 326 1918 Qusmeut
333 1854 474 1923 equileeut
482 1872 586 1925 serpens
594 1854 772 1925 Epidaurius?
791 1853 978 1909 Attibicontru

187 1920 294 1991 Evenit
304 1922 440 1992 inquirent
451 1924 518 1978 vitis
529 1928 562 1977 ut
573 1930 622 1977 tus
633 1940 724 1976 rursus
735 1928 763 1976 et
774 1922 823 1978 illi

188 1986 343 2044 iracundior
351 1997 395 2045 est
405 1992 502 2062 peullc,
514 1994 602 2046 minus
614 1998 693 2061 uptus
705 1992 791 2046 scutis

186 2058 302 2113 Naribus
313 2060 407 2113 horum
418 2060 570 2124 hominum
587 2059 668 2113 rideri
741 2060 769 2127 ἰ,
782 2077 813 2115 ee
825 2059 897 2129 qued
944 2065 977 2113 30

187 2126 322 2181 Rusticius
333 2134 408 2182 tenso
420 2133 483 2196 tege
494 2128 587 2182 defluit
598 2135 627 2182 et
692 2128 796 2182 elsxns

188 2194 221 2248 In
232 2196 299 2264 'pede
311 2196 413 2250 calceus
424 2196 521 2251 heret:
539 2204 568 2250 et
579 2202 620 2251 est
631 2196 723 2264 bonus,
733 2202 767 2249 ut
778 2196 870 2251 melior
881 2198 922 2251 vir

186 2260 324 2318 Non'slius
333 2264 479 2333 quisquam,
486 2271 516 2319 st
527 2265 578 2318 tibi
586 2264 694 2331 emimus,
702 2269 732 2318 st
738 2265 876 2334 ingenium
883 2267 976 2336 ingens

188 2331 293 2403 lncsrltc
304 2333 372 2386 lntet
383 2333 432 2386 hcc
444 2332 493 2386 sub
505 2350 618 2403 corpere
653 2333 775 2402 Denique
786 2339 814 2388 te
825 2334 913 2405 ipsum

187 2400 309 2469 Oencute
321 2418 386 2454 num
398 2418 452 2472 qus
463 2402 514 2455 tibi
525 2402 651 2456 vitiorum
662 2402 787 2457 inseverit
798 2403 861 2457 clim

186 2467 289 2524 Nauna
300 2476 348 2541 sut
359 2471 439 2525 etism
452 2471 614 2525 consuetudo
625 2471 713 2537 mule3
730 2488 844 2543 nemque

186 2536 319 2607 Neglectis
330 2539 430 2611 urende
442 2538 500 2593 filix
512 2540 659 2594 innascitur
719 2539 747 2594 's

187 2605 254 2660 Illuc
265 2613 460 2677 presentemur,
472 2614 616 2663 meterem
627 2626 664 2679 qn
709 2609 800 2665 emices

186 2674 284 2745 Turpis
295 2676 431 2747 decipiunt
442 2694 540 2731 coecurn
552 2678 626 2745 sitin
637 2683 686 2732 sut
697 2678 778 2732 etism
790 2679 847 2749 ipse
858 2679 914 2733 huc

186 2743 332 2811 Delectant,
345 2745 428 2799 veluti
440 2746 581 2800 Balbinum
592 2746 705 2817 polypus
717 2747 828 2816 Hngnn.
940 2752 975 2803 40

187 2811 288 2867 Vellem
299 2814 329 2867 in
340 2814 457 2868 amicitis
469 2815 506 2868 sic
517 2832 663 2869 erremnms
675 2820 702 2869 et
713 2815 758 2869 isti

290 2898 400 2955 litenis}
449 2950 453 2955 .
482 2952 486 2958 .
627 2952 643 2959 ..
723 2901 870 2961 'wilm
886 2954 889 2961 ,
907 2954 936 2960 ..
