2409 3317
468 365 536 419 ARS
554 363 714 417 Populos.
923 363 986 413 Ι237

201 459 236 511 Et
248 459 363 526 tragicus
376 459 529 528 plerumque
541 458 613 512 dolet
625 475 742 512 sermone
753 456 869 527 pedestri

201 528 332 608 Telephus
344 533 372 581 et
383 528 485 595 Peleus,
497 544 579 596 quum
592 544 693 597 pauper
704 532 731 581 et
743 527 819 580 exsul
831 532 941 598 uterque

203 596 313 665 Projrcit
324 597 454 665 ampullas
466 602 494 650 et
505 596 697 666 sesquipedalia
708 595 795 663 verbo,

203 664 231 717 Si
243 670 319 718 curat
330 682 375 718 eor
386 666 530 735 spectantis
541 665 661 734 tetigisse
672 665 785 735 querela

201 733 227 785 N
227 750 262 786 on
274 734 338 787 satis
349 740 390 787 est
402 735 514 804 pulchra
525 752 579 788 esse
590 736 715 804 poemata
721 753 729 799 ;
747 735 836 789 dulcia
847 739 926 789 sunto

201 802 237 854 Et
249 820 404 872 quocunque
416 804 505 860 volent
516 804 636 857 animum
647 804 775 857 auditoris
787 810 894 873 agunto.
940 806 989 857 100

201 871 239 924 Ut
250 871 397 925 ridentibus
409 872 533 940 arrident,
544 872 584 925 ita
595 871 720 929 flentibus
731 873 828 927 adsunt

202 940 321 993 Humani
332 941 435 994 vultus:
454 940 477 993 si
488 941 528 995 ris
539 957 582 993 me
592 940 662 1008 flere,
675 940 816 995 dolendum
828 947 867 996 est

202 1008 320 1061 Primum
332 1009 383 1077 ipsi
395 1009 459 1073 tibi;
476 1014 541 1062 tunc
552 1013 602 1062 tua
613 1026 655 1062 me
666 1009 812 1063 infortunia
823 1009 928 1078 laedent,

201 1077 315 1146 Telephe
327 1077 370 1129 vel
382 1076 477 1131 Peleu:
493 1077 562 1130 male
574 1078 597 1129 si
608 1078 735 1131 mandata
746 1077 866 1147 loqueris,

201 1146 257 1199 Aut
269 1145 415 1199 dormitabo
426 1152 475 1199 aut
485 1146 582 1200 ridebo.
617 1146 714 1199 'Pristin
725 1153 846 1200 maestum

203 1214 315 1267 Vultum
327 1214 407 1268 verba
418 1215 520 1282 decent,
531 1215 631 1268 iratum
642 1214 722 1297 plena
733 1215 871 1285 minarum,

201 1284 349 1337 Ludentem
360 1284 465 1350 lasciva,
478 1301 596 1338 severum
608 1301 675 1337 serra
687 1284 768 1338 dictu.

202 1352 309 1406 Format
320 1353 391 1405 enim
403 1359 499 1407 natura
510 1353 584 1421 prius
595 1370 642 1405 nos
654 1353 727 1406 intus
738 1354 772 1406 ad
784 1370 888 1407 omnem

202 1421 377 1475 Fortunarum
390 1422 510 1475 habitum
517 1440 525 1486 ς
538 1423 618 1489 juvat
630 1427 677 1474 aut
688 1422 802 1503 impellit
813 1423 847 1476 ad
859 1422 925 1477 iram

202 1493 256 1543 Aut
267 1491 302 1544 ad
313 1491 424 1544 humum
435 1508 541 1543 maerore
552 1490 628 1573 graui
640 1490 748 1543 deducit
759 1496 787 1543 et
798 1492 888 1559 angit3
943 1496 992 1545 110

204 1559 266 1613 Post
278 1559 353 1613 effert
364 1560 447 1612 animi
458 1564 545 1613 motus
556 1564 700 1629 interprete
711 1559 810 1628 lingua

202 1628 231 1681 Si
243 1628 354 1683 dicentis
366 1634 444 1682 erunt
455 1629 567 1682 fortunis
576 1628 674 1683 absone
685 1628 713 1681 di

202 1697 314 1751 Romani
326 1698 421 1751 tollent
432 1698 532 1767 equites
544 1697 697 1767 peditesque
709 1714 754 1751 cac
775 1697 781 1709 '
821 1714 874 1753 um.

201 1766 326 1821 Intererit
337 1767 453 1819 multum
465 1766 596 1821 divusnel
629 1772 710 1822 uatur
721 1784 757 1821 an
768 1766 852 1834 heros,

203 1835 360 1890 Maturusne
372 1853 452 1889 senex
463 1853 499 1889 an
510 1836 598 1889 adhuc
629 1842 719 1898 orente
727 1838 841 1904 juventa

203 1905 338 1973 Fervidus,
350 1911 378 1959 et
389 1910 510 1959 matrona
521 1911 614 1975 potens
626 1922 661 1958 au
673 1906 765 1959 sedula
776 1905 877 1973 nutrix,

201 1972 367 2028 Mercatome
379 1992 462 2043 vagus
474 1974 593 2028 cultorne
606 1975 716 2029 virentis
728 1974 815 2044 agelli,

202 2042 313 2095 Colchus
324 2059 360 2095 an
372 2043 500 2111 Assyrius,
512 2043 607 2096 phebis
619 2044 737 2099 nutritus
749 2061 784 2097 an
796 2043 881 2111 Argis.

203 2111 259 2163 Aut
271 2111 370 2164 famam
381 2127 488 2179 sequere
499 2116 548 2164 sut
560 2111 610 2164 sibi
622 2112 806 2165 convenientia
816 2111 894 2179 finge.

202 2178 318 2260 Scriptor
329 2178 487 2232 honoratum
499 2180 521 2231 si
532 2179 600 2232 forte
612 2180 716 2261 reponis
727 2180 867 2247 Achillem,
944 2184 993 2232 120

203 2247 326 2316 Impiger,
337 2248 487 2313 iracundus,
498 2247 675 2316 inexorabihs,
687 2264 747 2303 acer

202 2316 223 2367 J
223 2333 271 2369 ura
281 2334 300 2368 n
334 2322 361 2369 et
373 2316 423 2369 sibi
434 2321 505 2383 nata,
517 2316 585 2368 nihil
598 2333 651 2369 non
663 2334 721 2372 arro
739 2322 766 2370 et
778 2316 865 2371 armis.

201 2384 243 2438 Sit
255 2384 285 2437 M
318 2401 350 2438 ea
361 2385 435 2438 ferox
446 2385 606 2454 invictaque,
617 2385 711 2438 flebilis
720 2334 780 2454 ino,

202 2452 321 2507 Perfidus
333 2454 419 2521 Ixion,
431 2454 461 2507 Io
473 2470 548 2522 vaga,
560 2454 645 2507 tristis
658 2454 767 2508 Orestes.

202 2521 231 2574 Si
242 2523 307 2590 quid
318 2522 486 2592 inexpertum
498 2539 581 2577 scena
593 2524 737 2577 committis
749 2529 776 2577 et
787 2524 869 2578 audes

202 2589 343 2645 Personam
354 2593 466 2646 formare
477 2609 580 2659 novam,
592 2598 711 2647 servetur
722 2594 757 2647 ad
769 2593 859 2660 imum,

203 2660 294 2724 Qualis
305 2659 339 2714 ab
350 2660 455 2730 incepto
467 2662 627 2730 processerit,
639 2666 667 2715 et
679 2662 729 2715 sibi
740 2668 849 2715 constet.

202 2728 315 2783 Difficile
327 2734 367 2783 est
378 2730 482 2799 proprie
494 2731 644 2784 communia
655 2730 756 2796 dicere;
774 2736 856 2799 tuque

203 2797 310 2851 Rectius
322 2799 435 2852 Iliacum
446 2815 551 2853 carmen
563 2799 671 2853 deducis
682 2800 711 2853 in
723 2804 806 2866 actus,

203 2867 288 2932 Quam
300 2868 323 2923 si
334 2868 461 2936 proferres
473 2868 565 2937 ignota
576 2868 729 2937 indictaque
741 2868 846 2937 primus.
942 2871 993 2920 130
