2409 3317
242 384 294 437 200
555 378 711 435 nondun

241 479 359 551 Occupet
370 484 398 533 et
410 478 508 534 salvere
515 480 594 548 jubet
606 480 683 549 prior.
719 476 768 531 Ille
781 476 904 548 Philippo

240 549 374 602 Excusare
386 548 502 601 lsborem
513 553 540 602 et
549 548 710 601 merceusris
720 547 816 615 vincis,

219 612 222 626 '
241 617 316 681 Quod
327 635 381 669 nou
392 634 469 670 mene
482 618 589 670 domum
600 618 722 684 venisset,
734 616 854 684 denique,
867 614 937 685 quod
949 632 1006 668 uon

239 682 399 737 Providisset
411 701 480 737 eum.
517 684 582 736 “Sic
594 683 725 750 ignovisse
737 689 831 752 putato

237 751 283 804 Me
292 751 349 818 tibi,
359 754 382 805 si
390 769 477 806 coeuss
489 752 567 805 hodie
574 752 704 803 mecum.”
723 750 781 804 “Ut
790 750 877 803 libet.''
896 750 988 817 “Ergo
1002 753 1038 804 70

238 820 302 873 Post
313 838 411 875 nouem
423 822 512 875 venies
523 840 531 885 ;
547 836 621 872 nuuc
633 820 642 871 i
663 836 718 871 rem
730 824 853 872 strenuus
865 818 957 887 suge.''

240 888 278 940 Ut
290 893 399 941 ventum
410 888 445 942 sd
457 904 559 941 coeusm
570 893 618 954 est,
630 860 742 941 dicende
754 888 866 941 tsceuds
877 888 982 941 locutus

240 955 357 1009 'scudem
369 957 513 1010 dormitum
524 956 677 1010 dimittitur.
714 956 767 1008 Hic
778 956 828 1009 ubi
839 973 906 1026 ssspe

241 1025 383 1078 Occultum
395 1026 466 1079 visus
479 1026 615 1079 decurrere
627 1025 705 1094 piscis
717 1026 751 1079 sd
763 1024 872 1079 humum

241 1092 322 1146 Mune
334 1094 415 1147 cliens
427 1101 455 1147 et
462 1096 520 1162 jum
531 1100 619 1148 certus
631 1094 748 1161 convive,
756 1094 867 1163 jubetur
967 1102 969 1111 ’

241 1162 314 1215 Rure
326 1162 476 1216 suburbune
487 1164 594 1215 indictis
608 1180 692 1216 comes
703 1163 742 1215 ire
754 1164 862 1217 Latinis.

241 1231 383 1300 Impositus
395 1232 500 1284 mannis
511 1248 605 1285 ervum
617 1232 764 1301 coelumque
776 1231 903 1285 Sabinum

239 1299 300 1354 Nou
312 1306 395 1353 cesset
406 1300 522 1355 laudare.
559 1300 640 1353 Videt
651 1300 771 1368 ridetque
784 1301 930 1371 Philippus,

240 1369 284 1437 Iit,
296 1369 346 1423 sibi
358 1370 423 1422 dum
434 1370 558 1438 requiem,
570 1369 635 1423 dum
646 1370 714 1422 risus
725 1370 843 1438 undique
855 1370 957 1439 quierit,

239 1438 310 1491 Dum
319 1447 423 1521 septem
435 1438 516 1493 doust
528 1439 654 1507 sestertia,
666 1444 761 1492 mutus
772 1445 873 1560 selqtem
993 1444 1029 1493 80

240 1507 384 1576 Promitt1t‚
396 1509 537 1578 persuadet
548 1508 590 1560 uti
600 1514 732 1561 mercetur
744 1524 793 1575 ege
813 1526 867 1562 um.

239 1576 379 1631 Mereatur.
414 1578 440 1630 N
441 1595 455 1631 e
467 1584 494 1631 te
505 1578 591 1645 leugis
603 1576 758 1645 ambagibus
770 1576 843 1631 ultra

240 1645 326 1709 Quem
338 1647 402 1699 setis
413 1652 454 1699 est
464 1663 557 1712 morer,
569 1663 602 1699 cx
615 1645 699 1698 nitido
711 1645 743 1698 fit
754 1646 868 1699 rusticus
881 1652 962 1715 etque

240 1714 331 1768 Sulcos
343 1721 370 1769 et
382 1715 471 1768 sinete
483 1720 573 1783 crepet
583 1732 671 1778 meru3
689 1721 820 1784 praepsret
833 1715 922 1784 ulmos,

240 1781 394 1835 immoritur
405 1784 500 1836 studiis
512 1791 539 1836 et
550 1800 640 1837 umore
652 1784 763 1837 senescit
774 1784 895 1838 habendi.

240 1850 339 1904 Verum
352 1850 396 1903 ubi
409 1867 469 1904 oves
480 1852 552 1904 furto
572 1851 661 1905 morbo
673 1853 772 1922 periere
784 1854 899 1922 cepellss,

240 1918 318 1989 Spem
329 1918 443 1973 mentitu
454 1937 534 1988 seges,
546 1892 592 1976 ios
605 1928 644 1974 est
656 1928 764 1975 euectus
775 1921 881 1991 urendo,

241 1987 361 2041 Offensus
372 1988 475 2041 demnis
486 1989 574 2042 medis
585 1990 618 2042 de
629 1996 706 2044 nocte
718 1990 849 2044 cabellum

239 2055 341 2126 Arripit
353 2058 405 2111 irst
455 2075 487 2112 ue
499 2058 618 2129 Philippi
629 2060 717 2113 tendit
729 2060 764 2113 ed
776 2060 851 2114 aedes.
991 2064 1024 2114 89

240 2126 413 2187 Quemsimul
454 2128 542 2196 spexit
551 2128 671 2181 scabrum
679 2128 866 2198 intonsumque
876 2128 1022 2199 Philippus,

243 2192 258 2219 “
266 2192 355 2247 Durus
364 2194 379 2217 ”
391 2196 437 2262 eit,
450 2197 465 2222 ‘⁴
474 2194 573 2263 Vultei,
586 2195 666 2247 nimis
678 2201 849 2265 attentusque
861 2196 957 2249 videris

241 2258 306 2315 Esse
317 2235 408 2316 miii.”
444 2266 459 2294 ‘⁴
468 2264 516 2317 Pol
527 2282 570 2317 me
581 2264 714 2331 miserum,
727 2270 843 2333 patrous,
856 2282 967 2331 vocares,

242 2328 271 2381 si
282 2331 387 2398 velles,’'
398 2333 427 2384 in
445 2333 494 2411 uit²
506 2333 522 2361 “
529 2350 621 2386 serum
633 2333 700 2385 mihi
712 2350 808 2402 ponere
819 2338 931 2387 nomen!

239 2395 317 2456 Quod
330 2404 356 2449 te
367 2415 415 2465 per
427 2350 540 2451 Remum
552 2398 725 2468 dextrumque
737 2399 859 2469 Deosque
870 2402 982 2455 Penates

239 2462 350 2516 Obsecro
361 2471 389 2517 et
400 2465 521 2533 obtestor,
533 2467 596 2519 vitse
608 2484 650 2520 mc
662 2467 741 2521 redde
753 2464 857 2538 priori.’'

239 2531 291 2595 Qui
303 2533 381 2585 semel
394 2533 522 2602 sdspexit,
552 2542 665 2587 uentum
677 2536 784 2590 dimissa
796 2538 887 2658 qetitis

238 2599 376 2669 Praestent,
388 2608 491 2654 mature
549 2610 593 2655 eet
605 2620 633 2655 re
668 2610 760 2673 tstque
772 2624 799 2658 re
811 2607 872 2661 ictu.

237 2665 328 2722 Metiri
340 2686 366 2723 se
378 2686 507 2741 quemque
519 2686 565 2723 suo
576 2687 604 2722 m
639 2672 682 2724 ulo
694 2688 725 2726 ec
737 2675 803 2742 pede
816 2692 907 2729 verum
919 2683 966 2731 est.
