2409 3317
401 397 782 467 n1>1sromsurs1‚1,n.
938 402 986 453 101

194 501 224 557 si
235 505 344 556 curstus
356 501 482 570 insequeli
493 507 597 555 tonsore
609 501 719 572 capillos

195 576 312 644 Occurri,
324 576 408 641 rides;
427 576 449 629 si
461 576 529 629 forte
541 576 671 629 subucula
682 592 757 645 pexae

194 645 271 699 Trite
282 644 371 698 subest
383 646 481 698 tunice
493 644 536 699 vel
548 645 571 698 si
582 651 646 713 toge
658 644 768 698 dissidet
779 644 872 714 imper,

196 714 293 768 Rides:
314 714 386 783 quid,
398 732 457 767 meo
469 732 552 783 quum
563 720 666 795 pugnet
679 714 811 767 sententis
823 731 919 782 secum,

196 783 272 848 Quod
285 783 362 853 petiit
375 784 482 853 spernit,
495 789 592 852 repetit
604 782 674 852 quod
686 799 771 852 nuper
782 783 877 851 omisit,

195 852 304 905 AEstust
316 858 343 905 et
355 853 416 905 vitae
428 851 592 905 disconvenit
604 851 694 905 ordine
706 858 769 919 toto,

194 920 294 989 Diruit,
306 921 427 988 edificet,
438 926 526 973 mutet
538 920 668 989 quadratu
679 920 817 975 rotundisl
938 924 988 975 100

195 987 316 1043 insanire
326 996 406 1070 putes
418 989 554 1043 sollemnis
564 1006 608 1042 me
619 1006 705 1058 neque
715 989 792 1056 rides,

194 1057 222 1111 N
222 1075 251 1111 ec
262 1058 359 1111 medici
371 1057 455 1111 credis
467 1074 516 1111 nec
528 1057 655 1111 curatoris
667 1074 742 1126 egere

195 1126 220 1179 Δ
232 1132 342 1196 praetore
354 1126 418 1194 deti,
430 1144 519 1179 rerum
530 1127 617 1180 tutele
627 1143 746 1180 metrum

196 1195 285 1260 Quum
297 1196 331 1249 sis
343 1201 371 1249 et
382 1213 462 1265 preve
474 1201 575 1249 sectum
587 1195 756 1250 stomacheris
767 1195 800 1249 ob
812 1214 929 1266 unguem

194 1263 235 1318 De
247 1271 275 1318 te
287 1266 433 1334 pendentis,
445 1272 474 1319 te
484 1265 648 1335 respicientis
660 1264 745 1319 emic'u

195 1332 238 1385 Ad
250 1351 392 1387 summam:
410 1334 514 1403 sepiem
527 1351 578 1386 uno
590 1334 675 1386 minor
687 1339 727 1387 est
738 1334 814 1401 Jove,
826 1334 907 1402 dives,

196 1398 281 1467 Liber,
292 1401 442 1468 honoratus,
454 1401 572 1483 pulcher,
584 1419 631 1454 rex
644 1401 756 1471 denique
768 1419 875 1470 regum;

196 1467 332 1538 Praecipue
344 1486 430 1536 sanus,
442 1470 494 1522 msi
505 1487 588 1539 quum
599 1469 698 1539 pituitn
709 1468 820 1524 moleste
831 1478 877 1524 est.

368 1631 544 1686 urlsuons
563 1630 675 1683 IL-so
688 1640 820 1679 nonninus.

195 1742 322 1796 Tecrum
333 1741 397 1796 belli
409 1742 459 1796 scri
478 1747 569 1809 torem,
579 1740 697 1795 menime
708 1740 783 1809 Lolli,

194 1812 267 1865 Dum
279 1817 311 1865 tu
323 1812 454 1866 declames
505 1829 564 1879 mre,
577 1811 710 1865 Praeneste
721 1810 818 1881 relegi;

196 1881 255 1949 Qui,
260 1881 325 1963 quid
334 1882 369 1934 sit
376 1881 524 1951 pulchrum,
532 1880 596 1951 quid
605 1886 690 1949 turpe,
698 1881 762 1949 quid
771 1880 845 1948 utile,
854 1881 919 1951 quid
926 1898 986 1949 non,

195 1948 305 2003 Plenius
316 1968 348 2004 ec
359 1951 453 2003 melius
465 1950 611 2019 Chrysippo
623 1955 650 2003 et
663 1950 786 2003 tinntore
799 1950 871 2004 dicit.

195 2018 249 2072 Gur
260 2019 300 2073 ite
311 2019 474 2085 crediderim,
486 2019 538 2071 nisi
550 2018 615 2087 quid
627 2025 654 2072 te
666 2018 776 2086 detinet,
787 2019 858 2073 sudi

195 2086 304 2154 Fsbule,
317 2105 370 2156 qus
380 2087 483 2140 Paridis
495 2094 602 2157 propter
613 2093 736 2139 narretur
747 2104 862 2140 umorem

196 2155 296 2208 (iraecis
307 2155 440 2208 Burberiae
453 2153 525 2208 lento
537 2155 628 2207 colliso
640 2154 734 2221 duello,

195 2222 345 2277 Stultonrm
355 2240 449 2291 regum
461 2231 488 2276 et
499 2222 657 2292 populorum
669 2222 787 2276 continet
798 2229 882 2279 estus

194 2292 315 2346 Antenor
326 2298 415 2345 censet
426 2291 489 2344 belli
501 2291 642 2361 precidere
654 2308 766 2345 causum

195 2361 265 2426 Quid
277 2360 370 2414 Parisl
388 2361 426 2414 Ut
437 2360 525 2413 sulvus
537 2366 630 2427 regnet
642 2360 767 2428 vivetque
778 2360 878 2431 boetus,
954 2366 986 2416 10

195 2430 259 2499 Cogi
271 2447 344 2499 posse
356 2436 443 2499 neget
478 2429 574 2482 Nestor
585 2445 738 2497 componere
750 2430 810 2484 lites

195 2499 272 2553 Inter
283 2499 393 2552 Peliden
403 2498 513 2552 festinet
525 2504 552 2551 et
563 2497 634 2551 inter
645 2498 770 2564 Atriden3

194 2568 276 2621 Hunc
288 2586 369 2632 umor,
380 2569 420 2622 irs
431 2567 539 2637 quidem
551 2568 725 2621 communiter
736 2569 791 2622 urit
802 2574 951 2641 utrumque.

194 2637 330 2719 Quidquid
342 2637 456 2691 delirent
466 2654 548 2705 reges,
559 2636 712 2706 plectuntur
723 2637 826 2693 Achivi,

194 2705 336 2773 Seditione,
349 2706 423 2774 dolis,
435 2705 531 2759 scelere
543 2714 623 2774 etque
635 2704 745 2759 libidine
757 2713 784 2759 et
796 2708 836 2760 irs

194 2772 290 2828 Iliacos
300 2776 373 2827 intre
383 2792 472 2827 muros
484 2781 610 2843 peccetur
621 2781 648 2827 et
661 2782 744 2827 extre

194 2841 303 2910 Rursus,
316 2843 381 2913 quid
392 2844 477 2897 virtus
489 2850 517 2896 et
529 2843 593 2911 quid
606 2842 736 2912 sepientis
747 2843 836 2911 possit,
