2409 3317
243 339 295 391 226
556 340 711 395 HORATII

244 436 295 500 Qui
306 439 363 488 tem
374 434 517 487 ridiculum
528 441 584 488 tem
596 452 656 489 cere
668 437 793 505 prodigus
805 438 877 505 emit,

244 503 337 558 Edicto
349 504 443 571 vetuit,
454 520 489 557 ne
500 504 559 573 quis
571 522 599 558 se
610 511 706 574 praeter
717 506 838 575 Apellem

244 573 369 642 Pingeret
381 579 428 626 eut
440 573 508 625 nlius
520 574 635 643 Lysippo
647 575 755 627 duceret
767 592 819 628 aere
986 582 1038 631 240

243 642 331 695 Fortis
343 642 488 695 Alexandri
499 642 603 695 mltum
616 644 776 697 simulantia.
812 644 887 709 Quod
901 647 923 697 si

243 712 382 786 «iudicium
393 710 490 763 subtile
501 711 622 764 ridendis
634 711 735 765 sitibus
746 713 815 766 illud

243 780 286 833 Ad
298 780 377 833 libros
389 786 416 834 et
427 780 462 833 ed
473 779 532 833 haec
542 780 681 833 Musarum
693 781 762 835 done
773 798 885 851 vocares,

243 849 366 902 Boeocum
377 850 407 902 in
419 865 505 902 messe
511 851 616 918 jurares
627 852 688 903 ue're
700 856 800 904 netum

243 918 281 971 At
292 935 377 987 neque
389 918 546 972 dedecorant
557 925 607 972 tue
618 919 650 971 de
662 937 689 972 se
697 920 801 987 judicie
812 925 892 989 etque

244 987 364 1055 Munere,
393 1002 433 1041 uae
444 988 530 1041 multe
541 987 630 1040 dentis
642 1005 703 1040 eum
714 988 793 1042 leude
805 990 925 1043 tulerunt

244 1055 344 1109 Dilecti
355 1005 405 1109 cidi
417 1057 545 1125 Virgilius
558 1057 705 1125 Variusque
717 1060 818 1126 poitoe3

245 1125 271 1176 N
272 1142 301 1178 ec
312 1126 397 1194 magis
409 1126 524 1195 expressi
536 1125 627 1179 vultus
638 1142 685 1194 per
696 1128 780 1180 eines
792 1127 874 1195 signe,

245 1194 334 1255 Quem
345 1212 392 1263 per
403 1196 472 1248 vetis
484 1210 550 1263 opus
561 1210 645 1247 mores
657 1195 791 1263 animique
803 1196 919 1249 virorum

245 1263 380 1317 Clarorum
391 1270 527 1333 apparent.
562 1263 619 1316 Nec
630 1278 760 1317 sermones
772 1280 820 1332 ego
831 1266 938 1318 muilem
985 1270 1039 1319 250

246 1332 377 1402 Repentes
388 1350 435 1402 per
446 1332 559 1385 humum
587 1348 651 1385 uem
662 1348 703 1385 res
715 1349 868 1401 componere
880 1341 974 1401 gestes,

245 1401 435 1471 Terrarumque
447 1402 513 1455 situs
525 1407 553 1454 et
562 1348 675 1454 dumine
687 1402 772 1454 dicere
784 1408 811 1455 et
823 1417 895 1455 arces

245 1470 382 1525 Montibus
393 1472 529 1541 impositas
540 1476 568 1523 et
579 1470 690 1523 berbere
701 1488 783 1539 regne
795 1472 900 1540 urieque

247 1540 378 1608 Auspiciis
389 1546 477 1593 totum
489 1539 609 1593 confecta
621 1538 709 1593 duelle
779 1540 875 1607 orbem,

246 1609 419 1677 Oleustmque
431 1609 566 1662 custodem
577 1610 650 1678 pecie
662 1608 720 1661 cohi
752 1610 810 1662 ntia
821 1610 841 1663 J
842 1625 924 1662 enum

245 1677 281 1730 Et
293 1678 462 1731 formidatum
473 1678 579 1731 Parthis
591 1683 619 1730 te
630 1678 748 1747 principe
761 1678 879 1747 Remum

246 1746 281 1813 Si,
286 1752 655 1816 quantumcuperempcssem
660 1762 774 1815 qucque;
786 1748 1038 1817 'sednequepervum

246 1815 357 1868 carmen
367 1818 491 1883 majestas
500 1816 596 1885 recipit
608 1822 656 1869 tue
667 1832 716 1868 nec
727 1832 801 1869 meus
813 1816 894 1869 nudet

246 1883 313 1935 Rem
324 1889 427 1936 tentare
438 1882 530 1953 pudor,
542 1902 622 1953 quum
634 1885 702 1937 vires
713 1885 781 1937 ferre
792 1890 919 1938 recusent.

246 1952 378 2006 Sedulites
389 1958 486 2021 eutem,
499 1953 581 2006 stulte
592 1970 671 2021 quem
683 1953 779 2022 diligit,
791 1960 877 2022 urget,
986 1955 1039 2006 260

246 2022 383 2091 Praecipue
394 2039 476 2091 quum
488 2040 515 2075 se
526 2023 642 2075 numeris
654 2022 820 2076 commendet
832 2028 859 2075 et
870 2027 941 2075 erte:
995 2034 997 2039 “

245 2091 332 2144 Discit
343 2092 415 2144 enim
426 2091 505 2145 citius
516 2092 690 2161 meminitque
701 2092 827 2144 libentius
838 2092 913 2158 illud,

247 2160 323 2225 Quod
335 2161 394 2231 quis
406 2160 515 2229 deridet,
528 2176 608 2230 quem
620 2160 690 2229 qued
701 2160 795 2229 probet
806 2165 834 2213 et
845 2164 993 2213 veneratu.

245 2230 292 2283 Nil
303 2247 391 2283 moror
401 2230 523 2298 officium,
535 2230 605 2299 qucd
616 2246 659 2281 me
671 2234 772 2297 gmvet,
784 2238 815 2282 ec
827 2245 913 2299 neque
924 2229 986 2282 ficto

246 2298 281 2351 In
292 2300 367 2367 pejus
379 2300 458 2353 vultu
469 2300 579 2368 proponi
591 2310 681 2351 cereus
693 2313 811 2367 usquam,

246 2366 272 2420 N
273 2384 302 2420 ec
313 2385 394 2436 preve
405 2368 484 2421 fectis
495 2368 613 2421 decorari
624 2366 741 2421 versibus
753 2372 823 2436 opto,

247 2435 287 2489 Ne
299 2436 408 2489 rubeum
419 2437 514 2505 pingui
525 2436 638 2489 donetur
650 2452 759 2489 munere
770 2440 798 2489 et
810 2450 864 2488 une

247 2503 315 2556 (ium
326 2505 452 2575 scriptore
463 2522 522 2558 meo
533 2522 564 2558 ca
623 2510 758 2573 porrectus
769 2511 870 2573 aperte,

247 2572 357 2627 Deferat
367 2574 397 2625 in
408 2574 498 2628 vicum
509 2590 560 2626 ven
578 2580 667 2626 entem
679 2574 740 2627 thur
752 2578 780 2625 et
791 2572 881 2626 odores

247 2641 284 2695 Et
294 2642 370 2713 piper
379 2647 408 2697 et
419 2640 548 2711 quidquid
560 2641 658 2695 chartis
669 2642 793 2695 amicitur
804 2641 909 2711 ineptis.
986 2642 1039 2695 270

1109 1255 1120 1461 i

1088 1936 1090 1943 ¹
1117 1900 1120 1977 i
