2409 3317
388 366 641 422 ssssuomsuu
660 366 683 420 1.
701 369 725 433 s,
743 366 768 419 s.
922 362 971 417 ies

88 477 89 514 l
187 470 323 523 Sincerum
335 477 375 523 est
385 469 437 523 nisi
449 486 502 537 sas,
515 470 688 539 quodcunque
699 468 825 535 infundis,
838 465 941 521 acescit.

187 540 286 608 Sperne
297 540 459 609 voluptates3
476 545 553 592 nocet
565 545 654 608 empta
666 537 753 591 dolore
765 537 894 607 voluptas

187 608 295 677 Semper
305 626 399 661 avarus
411 615 486 677 eget3
503 615 605 661 certum
616 612 677 661 soto
689 615 749 677 pete
760 607 847 661 finem.

185 677 297 730 Invidus
308 678 417 731 alterius
427 678 565 731 macrescit
575 678 653 731 rebus
665 678 759 747 opimis
770 696 778 743 ;

186 746 292 800 Invidia
304 746 386 800 Siculi
397 764 450 800 uon
462 747 584 800 invenere
596 746 705 814 tyranni

181 815 274 883 'Msjus
286 822 454 869 tormentum.
490 816 542 880 Qui
554 832 607 867 non
618 814 797 867 moderabitur
808 812 861 881 irae,

185 884 319 937 Infectam
330 885 400 938 solet
412 902 474 952 esse,
486 884 559 937 dolor
570 884 640 951 quod
652 884 763 936 suaserit
775 888 802 936 et
813 900 895 951 mens,
940 886 974 937 60

184 952 255 1006 Dum
267 970 358 1022 pesnas
369 954 429 1007 odio
440 970 488 1023 per
498 953 553 1006 sim
564 952 673 1004 festinat
685 952 778 1005 inulto.

185 1021 230 1074 Ira
240 1022 314 1075 furor
325 1022 410 1075 brevis
422 1027 476 1075 cst:
493 1021 614 1074 animum
624 1037 693 1089 rege,
703 1021 749 1089 qui
761 1020 813 1073 nisi
824 1027 907 1089 paret,

185 1090 303 1159 Imperat
309 1110 317 1154 ;
334 1090 407 1144 hunc
418 1090 507 1157 frenis,
519 1090 591 1143 hunc
602 1095 635 1141 tu
647 1106 779 1158 compesce
791 1096 892 1144 octena.

184 1158 277 1227 Fingit
289 1176 386 1228 equum
399 1167 490 1214 tenera
501 1158 612 1212 docilem
623 1159 723 1212 cervice
734 1160 859 1227 magister

185 1227 318 1296 Iresiam,
331 1246 383 1298 qua
393 1234 522 1282 monstret
533 1244 625 1297 eques;
643 1228 778 1281 venaticus
790 1246 823 1281 ex
836 1244 887 1297 quo

184 1296 310 1366 Tempore
323 1298 455 1351 cervinam
467 1298 563 1367 pellem
574 1296 685 1350 latravit
698 1299 725 1349 in
738 1298 807 1363 sula,

184 1364 287 1418 Militat
297 1369 327 1418 in
339 1367 412 1420 silvie
423 1366 535 1419 catsrlus.
570 1366 650 1417 Nunc
662 1364 757 1418 edbibe
769 1382 835 1433 puro

185 1432 294 1486 Pectore
306 1434 392 1502 rerba,
404 1452 477 1503 puer,
489 1438 601 1485 nuncto
612 1432 762 1485 melioribus
774 1434 844 1485 offer.

186 1501 243 1566 Quo
256 1501 335 1554 semel
347 1509 387 1556 est
398 1502 502 1555 imbuta
512 1518 602 1554 recens
615 1501 729 1553 servabit
741 1501 845 1554 odorem

184 1570 264 1623 Testa
275 1569 329 1623 diu.
366 1570 440 1636 Quod
453 1571 475 1622 si
487 1587 571 1623 cessas
583 1575 632 1622 sut
643 1575 765 1622 strenuus
777 1571 869 1638 anteis,
940 1576 973 1625 70

185 1638 211 1692 N
211 1656 240 1692 ec
252 1640 358 1693 tardum
370 1640 490 1709 opperior
501 1655 550 1691 nec
561 1636 770 1707 praecodentibus
782 1639 858 1694 insto.

287 1802 463 1857 EPISTOLA
481 1800 609 1855 ΙΙΙ-ιι)
621 1814 730 1854 scarus
744 1814 864 1853 raoauu.

185 1904 205 1957 J
207 1920 255 1958 sss
268 1904 352 1972 Flore,
364 1903 460 1973 quibus
471 1909 601 1958 terrarum
612 1904 710 1957 militet
723 1902 774 1957 oris

184 1972 308 2027 Claudius
320 1974 435 2041 Augusti
446 1974 592 2043 privignus,
604 1974 670 2026 scire
682 1972 777 2025 laboro.

183 2041 318 2095 Thracane
330 2059 376 2094 ros
388 2041 545 2113 Hebrusque
556 2042 640 2096 nivali
651 2042 775 2113 compede
787 2040 899 2107 vinctus,

184 2110 227 2162 An
238 2112 308 2163 freta
318 2110 418 2162 vicinas
430 2109 500 2161 inter
511 2110 644 2162 currentis
655 2114 748 2175 turres,

183 2178 227 2231 An
258 2179 350 2245 ingues
361 2177 431 2229 Asiae
443 2178 530 2247 campi
541 2178 671 2246 collesque
681 2177 834 2231 moranturl

185 2197 379 2311 Quidstudiosa
387 2244 697 2315 cohorsoperumstmitl
726 2246 973 2315 Hocquoquecuro.

185 2316 249 2379 Quis
261 2315 311 2368 sibi
322 2332 364 2367 res
374 2320 461 2382 gestas
473 2314 588 2382 Augusti
600 2314 711 2369 scribere
724 2314 822 2368 sumiti

182 2384 258 2437 Bella
306 2384 328 2436 is
340 2389 367 2437 et
379 2400 456 2453 paces
467 2382 576 2451 longum
588 2383 715 2437 diffundit
725 2384 754 2436 in
767 2384 868 2437 aevuml

184 2453 254 2518 Quid
266 2401 351 2506 iltius
364 2452 483 2505 Romana
494 2452 567 2505 brevi
579 2458 706 2507 venturus
718 2452 747 2505 in
759 2454 820 2507 oral

183 2522 317 2575 Pindarici
328 2522 410 2575 fontis
422 2521 467 2591 qui
478 2538 531 2573 noa
543 2522 674 2592 expalluit
685 2523 802 2591 haustus,
941 2528 972 2576 10

183 2591 312 2644 Fastidire
324 2590 396 2643 lacus
408 2597 435 2643 et
447 2590 516 2644 rivos
528 2608 608 2644 ausus
619 2598 729 2661 apertos.

182 2660 220 2713 Ut
233 2659 321 2713 valetl
339 2666 371 2712 ut
382 2660 504 2711 meminit
516 2660 616 2713 nostrii
652 2660 794 2713 Fidibusne
807 2660 908 2717 latinis

182 2727 318 2782 mesenes
330 2735 422 2798 aptare
433 2728 522 2781 modos
534 2730 624 2783 studet
636 2731 741 2811 suspice
755 2728 839 2801 Musa,

182 2798 225 2851 An
237 2799 339 2866 tragica
351 2796 459 2851 desevit
471 2805 498 2849 et
510 2798 673 2867 ampullatur
685 2816 714 2851 ιιι
725 2796 799 2851 artel

222 2888 287 2927 ROB.
567 2889 583 2927 0
