2409 3317
418 351 633 408 SATIRARUM
654 352 693 408 11.
710 354 736 406 2.
926 357 974 408 161

189 450 274 505 Lenta
285 452 352 505 ieret
364 452 468 521 pituita.
505 452 591 519 Vides,
603 457 636 506 ut
647 452 763 523 pallidus
774 452 859 505 omnis

163 540 171 555 ·
189 520 269 573 Coena
281 521 405 588 desurgat
418 520 515 577 dubia?
551 521 622 586 Quin
633 539 728 591 corpus
740 528 864 575 onustum

189 588 327 643 Hesternis
339 590 410 643 vitiis
422 590 541 643 animum
553 607 656 660 quoqne
667 596 816 660 praegravat
827 608 882 644 una

188 658 277 726 Atque
289 658 373 727 affigit
385 658 466 711 humo
478 658 575 713 divinae
587 660 746 728 particulam
757 677 836 714 aurae.

188 726 265 779 Alter
284 727 331 780 ubi
343 727 413 781 dicto
425 728 503 781 citius
516 734 609 781 curata
621 729 706 797 sopori
945 732 980 782 80

188 766 308 849 Memlrra
321 796 401 862 dedit,
413 802 522 865 vegetus
534 798 687 867 praecripta
699 797 733 851 ad
744 797 837 852 munia
848 798 940 867 surgit.

188 863 241 917 Hic
253 871 342 918 tamen
354 865 388 918 ad
400 865 494 918 melius
506 867 603 934 poterit
615 871 793 920 transcurrere
805 868 945 936 quondm,

187 932 248 987 Sive
260 934 330 987 diem
342 934 440 987 festum
451 934 554 987 rediens
566 934 702 989 advexerit
713 952 806 1004 annus,

187 1000 240 1055 Seu
251 1020 367 1056 recreare
379 1002 450 1056 volet
461 1008 601 1056 tenuatum
614 1020 722 1073 corpus3
740 1003 837 1074 ubique

186 1071 321 1125 Accedent
333 1072 396 1124 anni
409 1078 436 1124 et
448 1073 555 1125 tractari
567 1072 673 1125 mollius
685 1078 749 1126 aetas

188 1139 324 1193 Imbecille
336 1140 414 1208 volet,
426 1140 476 1193 tibi
488 1141 616 1210 quidnam
627 1142 734 1195 accedet
745 1141 780 1195 ad
791 1141 878 1210 istam,

188 1208 274 1273 Quam
285 1226 352 1278 puer
364 1215 391 1262 et
403 1209 506 1263 validus
517 1212 662 1279 proesumis,
673 1211 819 1279 mollitiam,
832 1229 879 1265 seu

187 1277 262 1331 Dura
273 1277 398 1332 valetudo
410 1279 532 1332 inciderit
545 1296 590 1332 seu
602 1280 681 1333 tarda
691 1281 829 1334 senectusi

188 1344 337 1399 Rancidum
349 1363 443 1415 aprum
455 1348 558 1415 antiqui
570 1348 722 1415 laudabant,
734 1366 789 1402 non
801 1349 863 1417 quia
874 1366 954 1402 nasus

188 1413 246 1465 Illis
258 1413 347 1467 nullus
359 1422 430 1480 erat3
448 1416 493 1469 sed
505 1416 581 1469 credo
593 1417 644 1470 hac
655 1423 752 1484 mente,
759 1418 829 1487 quod
840 1418 933 1487 hospes
945 1420 980 1470 90

187 1482 299 1535 nudius
311 1483 453 1537 adveniens
464 1484 590 1539 vitiatum
602 1486 763 1538 commodius
776 1502 855 1553 quam

188 1551 326 1619 Integrum
334 1551 401 1605 edax
409 1552 530 1605 domiuus
538 1558 710 1607 consumeret.
734 1554 791 1607 Hos
800 1554 980 1608 utinaminter

186 1620 288 1673 Heroas
300 1626 394 1673 natum
406 1620 485 1681 tellus
496 1639 539 1674 me
550 1622 637 1691 prima
648 1622 766 1678 tulisset!
1005 1645 1009 1653 ·

185 1689 241 1742 Dae
254 1689 355 1758 aliquid
366 1690 451 1758 famae,
464 1707 523 1759 quae
536 1690 652 1744 carmine
663 1691 762 1759 gratior
773 1708 864 1744 auram

187 1758 306 1828 Occupet
317 1759 474 1813 humanam:
492 1759 605 1828 grandes
616 1759 720 1813 rhombi
731 1760 880 1881 patinaeque

187 1828 292 1880 Grande
303 1828 393 1882 ferunt
405 1845 531 1882 unacum
543 1828 639 1882 damno
651 1829 764 1883 dedecus
771 1848 778 1894 ;
796 1829 830 1883 ad
848 1848 863 1882 e

187 1896 289 1949 Iratum
301 1902 434 1966 patruum,
446 1898 552 1965 vicinos,
565 1902 591 1951 te
602 1897 653 1951 tibi
664 1898 794 1967 iniquum,

186 1964 222 2017 Et
233 1965 331 2019 frustra
342 1967 434 2019 mortis
445 1967 579 2037 cupidum,
592 1983 675 2057 quum
687 1968 771 2021 deerit
782 1968 871 2035 egenti

185 2029 229 2095 As,
242 2029 329 2100 laquei
342 2033 464 2102 pretium.
501 2035 515 2062 “
523 2033 542 2085 J
544 2050 597 2097 ure,
608 2034 614 2057 '
626 2033 721 2100 inquit,
734 2034 880 2088 “lrausius
892 2035 948 2088 istis

187 2097 207 2149 J
209 2104 319 2177 urgetur
331 2097 423 2164 verbis,
436 2114 483 2164 ego
496 2096 638 2164 vectigalia
649 2114 746 2165 magna
928 2104 978 2153 100

186 2164 353 2233 Divitiasque
364 2164 448 2218 habeo
460 2164 544 2217 tribus
557 2164 658 2233 amplas
673 2165 803 2234 regibus.”
840 2166 917 2234 Ergo,

187 2233 264 2296 Quod
276 2239 389 2300 superat,
402 2249 455 2285 non
467 2238 507 2285 est
518 2232 613 2285 melius
626 2249 676 2301 quo
688 2233 818 2286 insumere
829 2233 930 2302 possisi

187 2302 240 2353 Cur
252 2319 267 2354 e
285 2307 312 2354 et
323 2301 449 2369 indignus
460 2302 519 2370 quis
538 2317 600 2353 uam
612 2307 640 2354 te
652 2301 752 2355 divitei
788 2302 875 2367 Quare

187 2319 296 2439 Templa
307 2377 389 2424 ruunt
401 2370 511 2439 antiqua
549 2369 627 2425 euml
663 2371 721 2439 (iun,
733 2370 857 2441 improbe,
869 2389 937 2427 carte

186 2439 247 2492 Non
260 2440 361 2508 aliquid
374 2440 467 2509 patriae
479 2445 555 2493 tanto
568 2440 683 2493 emetiris
695 2440 804 2495 acervoi

187 2508 240 2561 Uni
252 2509 377 2563 nimirum
388 2515 459 2563 recte
471 2509 521 2563 tibi
533 2526 634 2578 semper
645 2515 724 2563 erunt
734 2509 793 2563 rest

187 2579 209 2631 0
221 2597 332 2648 magnus
344 2580 454 2649 posthac
465 2578 579 2631 inimicis
591 2578 673 2634 risusi
711 2577 810 2633 Uterne

185 2646 229 2702 Ad
242 2666 316 2701 casus
330 2648 422 2701 dubios
433 2648 498 2701 fidet
510 2647 560 2701 sibi
572 2646 686 2701 certiusi
705 2645 757 2715 hic,
768 2651 816 2718 qui

188 2713 312 2769 Pluribus
324 2717 440 2771 adsuerit
451 2722 567 2770 mentem
579 2732 723 2785 corpusque
735 2714 883 2784 superbum3

187 2776 230 2829 An
242 2784 296 2847 qul,
308 2785 448 2833 contentus
460 2798 540 2850 parvo
553 2788 727 2851 metuensque
738 2783 830 2850 futuri,
929 2787 980 2838 110

187 2845 220 2899 In
232 2863 304 2915 pace,
316 2854 348 2902 ut
360 2849 472 2919 sapiens,
484 2851 583 2922 aptarit
595 2851 692 2907 idonea
702 2851 789 2917 bello;

221 2930 284 2971 nou.
558 2936 580 2975 11
