2409 3317
239 354 290 405 130
553 350 708 406 norrun

239 456 328 524 Atque
339 455 397 509 huc
407 471 474 522 rurs,
487 454 565 508 cedet
576 454 644 507 durs
655 454 724 507 inter
735 469 771 505 ste
815 450 921 521 pericle
1000 455 1045 503 40

241 526 294 578 Hic
306 542 333 577 se
344 524 507 593 praecipitem
518 529 589 577 tecto
601 522 690 586 dedit;
707 521 752 575 ills
855 522 861 533 '

241 594 283 646 Ad
294 600 406 647 mortem
417 610 514 657 caesus;
530 592 636 660 fugiens
648 591 692 645 hic
704 589 803 643 decidit
813 606 901 643 serem

242 662 400 715 Praedonum
408 661 438 713 in
446 662 566 725 turbsm3
584 660 659 713 dedit
666 660 710 713 hic
719 676 766 727 pro
774 675 880 727 corpore
888 674 1033 721 nmnmos3

242 731 323 783 Hunc
335 730 536 799 perminxerunt
548 729 666 792 csiones;
684 728 842 797 quinctium
853 727 922 779 illud

242 798 357 865 Accidit,
370 796 520 868 etquidem
532 804 613 851 testes
624 797 789 865 caudamque
799 796 913 849 sulacem

242 866 412 922 Demetereut
423 868 498 927 ferre.
533 868 553 920 J
554 884 599 922 ure
611 882 713 919 omnes:
732 865 817 919 Ouibs
827 864 947 933 negsbst

243 936 335 989 Tutior
347 943 376 990 st
387 943 487 1004 qusnto
498 952 573 989 merx
585 935 665 988 estin
677 934 759 988 siesse
770 934 893 1000 oecunds,

243 1004 436 1057 Libertinumm
450 1005 515 1071 dico,
528 1003 668 1057 Sallustius
679 1004 786 1072 inques

243 1073 270 1126 N
271 1091 305 1127 on
316 1074 404 1133 minus
416 1073 522 1139 inssnit,
533 1089 615 1141 quum
626 1072 673 1141 qui
684 1071 843 1125 moechstur:
860 1070 945 1123 ethic
957 1071 989 1136 ε’,

246 1142 304 1206 Qus
314 1159 363 1209 res,
376 1158 428 1210 qus
439 1142 507 1197 ratic
519 1141 641 1194 suaderet
652 1158 758 1210 qusque
768 1141 884 1196 modeste
1002 1143 1044 1191 50

245 1209 372 1265 Munitieo
383 1227 438 1265 esse
450 1208 520 1277 licet,
533 1210 614 1263 veliet
625 1208 709 1262 bonus
720 1216 800 1279 atque
811 1209 940 1276 benignus

245 1278 316 1347 Esse,
328 1279 404 1332 duret
415 1285 546 1349 qusutum
558 1278 622 1331 setis
635 1285 702 1332 esset
714 1296 763 1331 uec
775 1278 825 1331 sibi
836 1278 932 1330 damno

245 1348 425 1418 Dedecorique
435 1348 510 1401 foret
545 1347 585 1399 Vs
655 1346 705 1401 hoc
717 1364 744 1400 se
756 1364 799 1400 um
817 1346 924 1399 iectitur
936 1362 997 1411 uno,

245 1418 304 1473 Hoc
316 1425 388 1472 emet
400 1424 428 1472 et
438 1418 547 1471 lsudut:
572 1418 587 1447 ‘⁴
624 1422 745 1469 utrorum
756 1433 776 1468 u
868 1431 918 1483 ego
929 1413 1043 1482 tsng0.'’

247 1483 285 1536 Ut
297 1483 428 1551 quondum
439 1482 572 1549 Mursaeus,
584 1489 687 1535 smster
699 1481 813 1549 Originis
824 1481 878 1548 ille,

248 1552 299 1616 Qui
311 1551 426 1621 putrium
438 1551 525 1605 minure
537 1551 619 1604 donst
631 1550 795 1618 fundumque
806 1550 947 1630 laremque,
975 1617 981 1630 .

248 1620 550 1689 infamemque,
563 1635 626 1673 oum
636 1618 762 1673 uxofibus
773 1619 1003 1687 unquamaueuu
1114 1588 1116 1628 ²

249 1688 346 1741 Verum
358 1695 398 1741 est
410 1706 470 1741 cum
481 1689 575 1756 mimis,
588 1695 629 1741 est
640 1704 702 1741 cum
712 1688 899 1754 meretricibus,
911 1688 982 1740 unde

248 1756 331 1809 Fame
342 1757 442 1809 melum
453 1758 559 1823 gravius
569 1774 649 1823 qusuu
659 1770 700 1808 res
712 1755 802 1809 trehit.
820 1757 863 1809 An
872 1757 922 1810 tibi
933 1756 1042 1809 sbunde

249 1825 390 1877 Personam
402 1825 465 1877 setis
477 1831 524 1891 est,
536 1842 589 1877 non
601 1824 676 1891 illud,
688 1825 818 1893 quidquid
829 1825 927 1895 ubique
1004 1830 1042 1877 60

250 1894 345 1959 officit,
357 1892 472 1946 enitere?
490 1892 591 1947 Bonum
603 1892 743 1961 deperdere
754 1894 861 1960 semum,

250 1962 316 2015 Rem
323 1962 406 2031 petris
415 1962 546 2025 oblimare,
553 1960 654 2015 mnium
661 1962 865 2031 cstubicunque.
879 1962 950 2027 Quid
957 1962 1041 2012 inter-

249 2037 290 2083 est
300 2032 330 2083 in
340 2037 468 2099 metrone,
480 2030 577 2085 ancille
588 2047 713 2099 possesne
724 2032 832 2098 togstui

251 2099 348 2153 Villius
360 2100 389 2152 in
401 2100 500 2153 Fausta
511 2099 591 2153 Sullae
603 2116 690 2166 gener,
702 2100 752 2151 hoc
763 2101 842 2152 miser
853 2117 907 2152 unc

250 2168 363 2223 Nomine
374 2167 506 2237 deeeptus,
518 2184 608 2237 poenns
620 2167 788 2236 deditusque
799 2186 927 2237 superque

252 2237 338 2301 Quum
350 2238 414 2291 setis
425 2244 465 2291 est
476 2238 573 2306 pugnis
585 2254 667 2291 cresus
678 2237 799 2303 ferroque
810 2238 918 2304 petitus,

252 2307 383 2363 Exclusus
394 2308 457 2373 fore,
469 2322 550 2374 quum
562 2306 732 2373 Longsrenus
743 2305 811 2357 ieret
822 2305 904 2358 intus„

253 2375 324 2428 Huic
336 2376 359 2427 si
370 2376 485 2429 mutonis
497 2374 581 2427 verbis
593 2373 664 2427 mule
676 2380 752 2426 tenta
764 2374 878 2427 ridentis

252 2448 358 2500 Diceret
370 2447 426 2498 herc
438 2447 553 2499 animus:
572 2440 785 2507 “Quidristibii
802 2442 1040 2510 nunquidegoete

255 2514 356 2579 Magno
368 2518 526 2579 prognatum
537 2508 646 2577 deposco
658 2509 764 2563 consule
776 2526 893 2563 cunnum
1004 2511 1039 2563 70

255 2582 431 2647 Velstumque
443 2578 517 2644 stols,
528 2595 587 2631 mes
598 2595 657 2630 cum
670 2577 818 2631 conferbuit
829 2579 869 2631 irs
876 2569 904 2631 i”

257 2647 327 2711 Quid
340 2645 506 2714 responderet
515 2644 525 2697 i
544 2646 558 2673 “
567 2646 666 2711 Megnc
677 2650 753 2711 petre
763 2649 828 2696 netu
839 2644 928 2711 puells
939 2642 1002 2699 est”

253 2716 290 2766 At
302 2717 401 2781 quanto
412 2710 520 2763 meliore
530 2717 621 2762 monet
631 2711 832 2780 pugnantiaque
842 2714 900 2766 istis

253 2782 334 2835 Dives
345 2780 402 2848 opis
413 2785 509 2831 ustura
521 2795 582 2843 suae,
593 2785 626 2830 tu
638 2778 661 2831 si
672 2778 749 2832 mode
760 2788 832 2833 recte

254 2850 413 2918 Dispeusere
425 2846 490 2901 velis
502 2863 532 2899 sc
544 2863 598 2900 nou
609 2846 737 2914 fugiende
749 2850 870 2915 petendis

1114 2629 1116 2696 Ι
