2409 3317
201 327 255 375 246
516 324 671 378 norrun

200 428 319 495 Occupet
330 430 479 479 extremum
491 425 590 479 scabies
596 445 605 489 ς
622 425 688 477 mihi
700 432 778 493 turpe
789 424 905 490 relinqui
917 430 957 477 est

199 495 243 560 llt,
255 494 326 563 quod
337 507 391 547 non
402 494 491 560 didici
502 509 566 549 seue
577 494 677 547 nescire
688 492 792 546 fateri.''

199 563 238 616 Ut
249 579 342 632 prisco,
353 562 389 615 sd
399 579 498 617 merces
509 562 615 615 turbem
626 562 672 643 qui
683 562 754 629 cogit
766 560 897 626 emendus,

200 632 382 684 Asoenmores
395 630 512 684 'ubetsd
524 631 769 698 lucrumrrepoete
934 632 987 679 420

199 700 283 753 'Dives
293 700 370 767 egris,
382 648 455 751 dives
467 700 558 768 positis
569 699 598 751 in
611 699 700 753 fenore
711 699 832 752 nummis

201 768 231 822 Si
242 785 303 822 vero
314 774 362 835 est,
373 773 486 821 unctum
498 768 543 836 qui
554 773 625 821 reete
637 784 733 837 ponere
744 768 826 835 possit

202 836 239 890 Et
296 836 376 889 ndere
387 836 440 888 levi
451 853 499 905 pro
509 854 564 905 peu
636 842 664 889 et
675 836 774 905 eripere
786 836 851 888 atris

203 854 306 958 Iritisdds
317 904 485 973 implicitum,
525 906 531 919 '
595 922 610 957 r
621 904 644 958 si
656 904 720 957 sciet
732 904 813 957 inter·

203 990 308 1027 noscere
320 973 473 1027 mendaeem
484 990 627 1041 rerumque
638 972 730 1027 boetus
742 974 864 1026 enricum.

204 1041 244 1095 'l'u
256 1058 302 1095 seu
313 1043 419 1095 doneris
430 1060 477 1095 seu
489 1042 554 1124 quid
566 1042 664 1095 donare
675 1041 746 1094 voles
758 1042 809 1107 eui,

204 1110 340 1164 Nolitosd
352 1128 442 1164 sersus
454 1111 599 1164 tibrfnctos
611 1111 706 1163 ducere
736 1110 825 1163 lenum

205 1180 334 1243 neurim
351 1179 477 1233 clamabit
488 1180 559 1233 enim
570 1179 699 1234 Pulchre!
717 1128 798 1233 dene!
818 1183 902 1232 recte!

207 1248 337 1301 Pullesoet
348 1265 427 1317 super
437 1248 486 1315 hin
498 1249 580 1301 etiem
591 1248 704 1301 stillabit
715 1248 806 1301 eminis

207 1317 250 1370 Ex
262 1317 343 1370 oeulis
354 1333 446 1383 rorem,
457 1318 541 1384 saliet,
553 1317 650 1370 tundet
662 1317 728 1385 pede
739 1322 844 1370 terrum.
939 1318 992 1368 430

208 1386 246 1438 Ut
277 1386 305 1438 ui
316 1385 440 1439 conducti
452 1386 556 1455 plorent
567 1385 596 1438 in
608 1385 707 1453 funere,
719 1384 813 1438 dimint

208 1454 245 1507 Et
256 1402 359 1508 desunt
369 1472 417 1523 pro
461 1454 538 1524 plura
549 1453 698 1507 dolentibus
710 1470 744 1507 ex
755 1455 851 1521 animo,
863 1453 900 1505 sio

209 1523 315 1577 Derisor
325 1540 386 1577 vero
398 1542 417 1593 p
427 1541 459 1578 us
470 1524 606 1577 laudatore
617 1528 744 1576 movetur.

210 1592 295 1660 Reges
306 1592 432 1645 dicuntur
444 1592 535 1645 multis
548 1608 640 1660 urgere
651 1591 757 1644 eulullis

209 1660 246 1713 Et
257 1666 378 1730 torquere
389 1678 468 1729 mero,
480 1678 558 1730 quem
569 1661 732 1729 perspexisse
743 1660 872 1727 laborent,

210 1729 255 1781 An
266 1729 302 1781 sit
313 1728 431 1783 amicitie
442 1730 551 1797 dignus:
569 1730 592 1781 si
605 1730 722 1781 carmine
733 1729 835 1796 condes,

210 1795 355 1865 Nunquam
366 1802 394 1849 te
405 1797 501 1851 fallent
512 1797 594 1851 enimi
607 1798 655 1849 sub
667 1797 747 1867 vulpe
758 1798 883 1850 latentes:

212 1861 356 1927 Quinctilio
368 1862 390 1915 si
402 1862 465 1931 quid
476 1864 607 1928 recitares,
616 1862 632 1892 ‘⁸
641 1863 746 1932 Oorrige
758 1865 831 1916 sodes

212 1928 296 1996 Hoc‚'’
308 1929 403 1994 ciebat,
415 1930 431 1959 ‘⁴
437 1935 465 1983 et
478 1930 553 1983 hoe.”
587 1931 685 1985 Melius
696 1936 723 1985 te
735 1946 809 2011 posse
820 1948 936 2000 negares,

212 1995 258 2048 Bis
269 2001 361 2064 terque
372 2002 511 2064 expertum
521 1996 627 2062 frustra,
640 1998 726 2050 delere
734 1997 846 2065 Jubebnt
944 2000 996 2051 440

213 2062 249 2117 Et
260 2064 329 2117 mule
340 2068 457 2118 tornatos
468 2064 560 2118 incudi
570 2066 678 2118 reddere
690 2083 785 2119 versus

213 2132 242 2185 si
254 2132 393 2187 defendere
404 2134 531 2187 delictum
543 2150 624 2202 quem
636 2140 736 2187 vertere
747 2134 846 2200 melles,

212 2200 324 2254 Nullum
336 2201 408 2255 ultre
419 2201 528 2257 verbum
540 2207 588 2256 eut
599 2218 705 2271 operum
716 2203 865 2257 insumebat
876 2205 997 2269 inunem3

214 2270 285 2336 Quin
296 2272 352 2324 sine
363 2271 441 2325 rivuli
452 2277 534 2339 teque
543 2276 571 2324 et
583 2276 632 2324 tun
643 2272 713 2324 solus
725 2289 833 2326 emeres.

215 2338 264 2391 Vir
274 2340 359 2393 bonus
366 2345 398 2405 ‚et
408 2340 523 2409 prudens
535 2354 625 2392 versus
636 2340 809 2409 reprehendet
820 2341 924 2408 inertes,

214 2406 339 2476 (inlpebit
350 2407 436 2475 duros,
450 2408 590 2476 incomptis
602 2409 696 2462 sllinet
707 2416 797 2461 etnim

214 2474 340 2529 Treverso
352 2476 452 2534 elem
464 2478 576 2544 signum,
588 2475 726 2530 ambitiose
736 2477 836 2531 recidet

216 2544 384 2611 Ornamentis,
396 2561 491 2611 perum
503 2545 579 2597 cleris
590 2544 677 2598 lucem
688 2546 751 2599 dure
762 2552 845 2613 coget,

217 2610 318 2680 Arguet
330 2612 453 2679 ambigue
464 2613 578 2679 dietum²
586 2614 714 2667 mutandis
725 2614 835 2683 notabit,

214 2678 276 2733 lliet
284 2681 450 2734 Aristarchus
461 2700 468 2746 3
486 2699 539 2736 non
551 2682 629 2748 diuet,
641 2683 716 2736 “un
727 2700 775 2751 ego
784 2683 899 2736 ornicum
951 2687 1002 2735 450

215 2746 352 2800 Offendam
363 2749 392 2801 in
404 2751 482 2819 nugis
492 2749 520 2802 l”
556 2751 606 2803 Hse
618 2768 696 2819 nugee
709 2752 775 2804 seris
785 2752 882 2804 ducent

214 2810 246 2860 ln
259 2812 330 2866 mule
342 2811 456 2865 derisum
471 2814 549 2889 semel
562 2826 755 2883 exceptumque
768 2817 878 2871 sinistre.
