2409 3317
229 396 278 445 1:34
542 390 696 447 nouam

227 494 315 548 Emori
326 510 421 548 nomeu
433 494 517 549 virtus
529 496 656 567 posuisset
667 493 814 548 honestum

227 565 264 616 At
276 569 351 632 pater
362 570 394 616 ut
406 565 488 631 gnati,
501 565 537 617 sio
549 580 596 617 nos
609 564 732 617 debemus
744 564 830 630 amici,

227 632 256 685 Si
268 632 337 701 quod
350 632 384 685 sit
396 633 498 700 vitium,
509 649 563 685 non
574 632 707 685 fastidire:
726 632 874 685 strabonem

228 700 353 769 Appellat
364 706 464 771 patum
476 706 557 771 pater,
570 706 599 754 et
609 698 721 770 pullum,
733 700 802 754 male
813 716 911 769 pervus

228 769 256 821 si
269 770 312 822 cui
323 767 708 836 filinssmutabomimsfirit
720 769 783 821 olim
1102 799 1105 810 ·

228 838 268 890 Sis
305 836 372 902 hus;
389 837 461 891 hunc
472 856 565 893 rarum
577 838 695 891 distortis
706 836 839 900 curribus3
856 837 934 890 illum
1108 851 1109 902 ι

277 905 349 960 butit
360 924 489 974 scaurum,
500 908 587 975 pravis
598 906 698 959 fultum
709 906 779 959 maie
789 906 858 959 tulis.

228 975 336 1028 Parcius
347 974 391 1028 hic
403 975 486 1029 vivit:
503 976 576 1043 frugi
587 976 698 1029 dicatur.
734 974 845 1043 ineptus

228 1042 263 1096 Et
272 1044 416 1112 jactantior
427 1044 471 1097 hic
483 1044 572 1113 paullo
585 1050 638 1097 est:
656 1044 799 1097 concinnus
811 1043 901 1095 amicis
984 1046 1024 1096 60

228 1111 348 1165 Postulat
359 1118 391 1164 ut
403 1111 531 1167 videatur.
566 1112 603 1165 At
615 1119 655 1165 est
667 1112 840 1165 truculentior
851 1118 932 1181 atque

228 1179 292 1233 Plus
304 1197 377 1248 aequo
388 1179 467 1233 liber:
485 1180 597 1250 simplex
609 1181 735 1249 fortisque
747 1179 890 1245 habeatur3

229 1248 333 1303 caldior
344 1254 396 1302 est:
414 1266 486 1303 acres
497 1249 568 1303 inter
578 1255 738 1303 numeretur.
773 1248 880 1329 Opinon,

230 1317 296 1370 Haec
306 1334 348 1370 res
360 1323 387 1370 et
395 1318 495 1387 jungit,
503 1319 610 1387 junctos
621 1324 649 1371 et
661 1323 748 1371 servat
759 1334 862 1371 ammos.

228 1386 265 1438 At
276 1403 324 1439 nos
335 1386 447 1440 virtutes
458 1387 529 1455 ipsas
540 1387 696 1439 invertimus
708 1392 788 1455 atque

228 1454 364 1509 Sincerum
375 1456 496 1524 cupimus
506 1472 553 1508 vas
564 1456 718 1509 incrustare.
753 1454 852 1507 Probus
881 1454 924 1507 uis

228 1523 371 1577 Nobiscum
382 1524 463 1579 vivit:
480 1524 596 1577 multum
609 1523 735 1577 demissus
747 1522 824 1575 homo
831 1542 839 1587 ;
857 1471 898 1575 iii

228 1592 313 1646 'surdo
325 1610 468 1661 cognomen
479 1593 573 1665 pingui
585 1593 685 1646 damus.
720 1590 774 1644 Hic
785 1590 856 1661 fugit
868 1606 957 1645 omnes

230 1660 343 1714 Insidias
354 1662 474 1731 nullique
485 1662 555 1715 malo
565 1661 638 1714 latus
650 1660 723 1714 obdit
734 1666 863 1729 apertum,

229 1728 317 1793 Quum
328 1746 412 1797 genus
424 1730 473 1783 hoc
484 1730 554 1782 inter
566 1730 628 1783 vite
640 1735 765 1795 versetur,
776 1728 823 1780 ubi
833 1728 900 1781 acris
983 1730 1024 1781 60

229 1797 334 1849 Invidia
345 1803 425 1865 atque
437 1798 464 1851 vi
496 1804 528 1850 nt
539 1796 586 1850 ubi
598 1797 724 1851 crimina:
741 1813 789 1866 pro
799 1796 866 1849 bene
878 1812 941 1851 sano

229 1865 267 1917 Ac
279 1882 332 1917 non
343 1864 450 1918 incauto
480 1871 553 1918 ctum
565 1871 735 1935 astutumque
747 1882 876 1918 vocamus.

229 1933 377 2002 Simplicior
388 1934 447 2002 quis
459 1938 486 1986 et
497 1941 544 2001 est,
556 1934 661 2003 qualem
671 1951 714 1987 me
726 1950 794 2002 saepe
805 1933 918 1987 lubenter

230 2001 377 2057 Obtuierim
388 2002 445 2069 tibi,
457 2002 595 2070 Maeeeuas,
607 2009 639 2056 ut
649 2004 718 2056 forte
729 2001 861 2070 legentem

229 2071 284 2124 Ant
295 2070 408 2125 tacitum
419 2070 540 2141 impellat
551 2072 644 2142 quovis
656 2087 772 2125 sermone
783 2070 919 2125 molestus:

230 2140 367 2193 Communi
379 2158 456 2195 sensu
466 2140 545 2211 plane
557 2148 636 2208 caret,
648 2140 789 2210 inquimus.
824 2139 906 2206 Eheu,

229 2210 314 2273 Quam
326 2216 424 2263 temere
435 2210 464 2262 in
475 2216 577 2265 nosmet
588 2209 674 2291 legem
686 2208 817 2261 sancimus
828 2208 961 2276 iniquam!

228 2278 298 2331 Nam
309 2278 382 2332 vitiis
393 2295 470 2331 nemo
482 2278 538 2333 sine
549 2287 683 2342 nascrtur3
701 2276 817 2346 optimus
828 2276 874 2329 ille
885 2283 932 2343 est,

229 2347 281 2410 Qui
293 2348 408 2399 minimis
419 2352 537 2416 urgetur.
572 2347 680 2399 Amicus
692 2345 785 2413 dulcis,
796 2349 829 2397 ut
839 2360 944 2413 equum
955 2349 1004 2410 est,

230 2415 318 2477 Quum
329 2432 388 2468 mea
400 2421 549 2483 compenset
560 2415 633 2469 vitiis
644 2415 720 2482 bona,
750 2412 851 2466 luribus
862 2414 942 2481 hisee,
985 2413 1023 2467 70

229 2482 257 2535 si
268 2482 345 2536 modo
356 2484 434 2551 plura
444 2483 512 2535 mihi
522 2482 591 2536 bona
603 2488 673 2549 sunt,
685 2432 803 2549 inoiinet
815 2482 899 2535 umeri

229 2550 258 2602 Si
267 2550 349 2604 volet:
367 2550 417 2603 hac
429 2549 487 2617 lege
498 2550 528 2603 in
539 2551 642 2604 trutina
687 2557 766 2603 netur
777 2549 876 2604 eedem

230 2617 289 2684 Qui,
301 2634 335 2671 ne
347 2616 483 2670 tuberibus
494 2618 606 2687 propriis
618 2636 633 2671 o
653 2618 734 2671 endat
745 2618 866 2685 amicum,
1011 2676 1023 2688 Α

230 2685 358 2753 Postulat,
370 2685 488 2754 ignoscet
500 2686 615 2739 verrucis
626 2686 713 2749 illius;
730 2703 836 2754 aequum
847 2690 895 2755 est,

230 2753 348 2806 Peccatis
360 2754 465 2806 veniam
476 2758 626 2821 poscentem
637 2753 744 2807 reddere
754 2770 851 2807 rursus.

229 2820 356 2889 Denique,
368 2828 498 2890 quatenus
510 2821 597 2873 excidi
608 2821 714 2889 penitus
726 2822 822 2875 vitium
833 2822 886 2888 irae,

231 2889 323 2944 Cetera
333 2889 399 2944 item
409 2894 546 2959 nequeunt
557 2889 646 2945 stultis
658 2888 793 2957 harentia,
804 2904 852 2944 cur
862 2906 917 2945 uon
