2409 3317
420 370 615 424 CARMINUM
635 371 671 424 ll.
690 374 766 423 2-4.
954 380 987 429 35

269 473 314 525 Nil
326 474 443 539 interest,
456 490 491 526 an
503 491 603 543 pauper
615 483 642 527 et
654 476 745 529 infima

302 542 342 595 De
354 549 433 609 gente
445 542 493 595 sub
505 544 566 595 divo
578 546 692 610 moreris,

337 611 455 664 Victima
466 612 506 663 nil
517 612 668 665 miserantis
681 614 749 667 Orci.

268 679 364 733 Omnes
376 680 467 733 eodem
480 682 606 749 cogimur,
618 683 738 736 omnium

267 748 393 803 Versatur
404 767 473 803 uma
485 751 567 803 serius
580 750 652 803 ocius

301 818 361 871 Sors
373 818 479 871 exitura
491 824 518 871 et
530 836 577 872 nos
589 820 619 872 in
630 826 759 873 aeternum

337 887 456 940 Exilium
467 888 623 957 impositura
634 889 741 958 cymbae.

290 1055 439 1109 CARMIlN
457 1054 578 1109 IV.-nn
592 1073 747 1112 xuurnmn
760 1075 901 1116 nnocnnn.

264 1162 290 1214 N
290 1179 307 1215 n
320 1165 355 1217 sit
367 1165 471 1218 ancille
484 1165 532 1218 tibi
545 1184 619 1219 amor
630 1168 732 1236 pudori,

263 1230 382 1287 Xanthia
393 1234 514 1291 Phoceu!
533 1235 611 1289 Prius
622 1237 778 1291 insolentem

262 1300 343 1355 Serva
355 1304 451 1356 Briseis
463 1305 541 1357 niveo
553 1306 639 1359 colore

332 1371 418 1425 Movit
429 1371 577 1437 Achillem3

262 1437 347 1491 Movit
360 1440 468 1508 Ajacem
479 1441 620 1495 Telamone
632 1448 727 1496 natum

262 1506 358 1559 Forma
369 1509 482 1589 captivae
495 1510 632 1562 dominum
644 1511 800 1575 Tecmessae3

261 1574 334 1627 Arsit
347 1575 453 1629 Atrides
464 1578 551 1630 medio
562 1578 591 1631 in
603 1579 738 1647 triumpho

335 1644 444 1713 Virgine
455 1652 541 1716 rapto,

261 1712 384 1767 Barbnrae
396 1722 537 1785 postquam
550 1716 666 1770 cecidere
678 1722 774 1771 turma

260 1782 384 1837 Thessalo
396 1785 495 1839 victore
507 1792 535 1838 et
547 1786 687 1855 ademptus
699 1788 800 1842 Hector
953 1797 985 1843 10

260 1850 382 1906 'Prodidit
393 1854 468 1907 fessis
480 1855 579 1908 leviora
591 1856 651 1909 tolli

330 1921 460 1990 Pergama
473 1924 564 1978 Graiis.

259 1988 285 2039 N
286 1991 375 2057 eseias,
388 2008 422 2043 en
435 1999 462 2046 te
474 2010 601 2061 generum
613 1993 685 2049 beati

259 2056 390 2125 Phyllidis
402 2060 478 2115 flavae
490 2062 615 2116 decorent
627 2071 762 2133 parentes:

259 2125 371 2194 Regium
383 2136 454 2183 certe
466 2148 550 2198 genus
562 2138 589 2185 et
601 2132 715 2187 Penates

327 2196 421 2250 Maeret
433 2199 543 2268 iniquos.

258 2262 340 2316 Crede
351 2281 405 2317 non
417 2267 492 2321 illam
504 2268 554 2322 tibi
566 2269 599 2322 de
611 2270 720 2325 scelesta

258 2330 338 2385 Plebe
350 2334 482 2403 dilectam,
495 2354 581 2406 neque
593 2338 631 2391 sic
643 2340 755 2409 fidelem,

257 2398 300 2453 Sic
312 2400 385 2456 lucro
398 2421 516 2459 aversam
562 2408 645 2462 tuisse
656 2411 729 2463 nasci

325 2471 413 2527 Matre
425 2476 515 2543 puden
534 2494 556 2530 a
945 2489 980 2539 20

255 2539 369 2595 Brachia
380 2550 408 2596 et
419 2544 525 2598 vultum
536 2552 683 2617 teretesque
696 2566 770 2605 surus

256 2609 364 2677 Integer
374 2612 467 2677 laudo;
485 2614 547 2683 fuge
559 2618 695 2699 auspicari,

256 2677 338 2744 Cujus
350 2687 474 2735 octavum
485 2684 630 2754 trepidant
642 2694 707 2742 oetas

284 2792 286 2797 .
327 2748 454 2804 Olaudere
465 2752 587 2808 lustrum.
