<?xml version="1.0" encoding="UTF-8"?>
<!DOCTYPE html PUBLIC "-//W3C//DTD XHTML 1.0 Transitional//EN"
    "http://www.w3.org/TR/xhtml1/DTD/xhtml1-transitional.dtd">
<html xmlns="http://www.w3.org/1999/xhtml" xml:lang="en" lang="en">
 <head>
  <title>
</title>
<meta http-equiv="Content-Type" content="text/html;charset=utf-8" />
  <meta name='ocr-system' content='tesseract 3.04.00' />
  <meta name='ocr-capabilities' content='ocr_page ocr_carea ocr_par ocr_line ocrx_word'/>
</head>
<body>
  <div class='ocr_page' id='page_1' title='image "./qhoratiiflaccio04flacgoog_0184.png"; bbox 0 0 2409 3317; ppageno 0'>
   <div class='ocr_carea' id='block_1_1' title="bbox 418 362 972 423">
    <p class='ocr_par' dir='ltr' id='par_1_1' title="bbox 418 362 972 423">
     <span class='ocr_line' id='line_1_1' title="bbox 418 362 972 423; baseline -0.009 -5"><span class='ocrx_word' id='word_1_1' title='bbox 418 362 631 423; x_wconf 68' lang='lat' dir='ltr'><strong>SATIRARUM</strong></span> <span class='ocrx_word' id='word_1_2' title='bbox 649 364 690 418; x_wconf 91' lang='lat'><strong>11.</strong></span> <span class='ocrx_word' id='word_1_3' title='bbox 709 366 734 417; x_wconf 85' lang='grc'><strong>3.</strong></span> <span class='ocrx_word' id='word_1_4' title='bbox 921 364 972 414; x_wconf 85' lang='grc'><strong>165</strong></span> 
     </span>
    </p>
   </div>
   <div class='ocr_carea' id='block_1_2' title="bbox 158 450 975 2927">
    <p class='ocr_par' dir='ltr' id='par_1_2' title="bbox 179 450 973 1485">
     <span class='ocr_line' id='line_1_2' title="bbox 181 450 973 525; baseline 0.003 -20"><span class='ocrx_word' id='word_1_5' title='bbox 181 451 237 505; x_wconf 81' lang='lat' dir='ltr'><strong>Aut</strong></span> <span class='ocrx_word' id='word_1_6' title='bbox 248 450 300 507; x_wconf 83' lang='lat' dir='ltr'><strong>aiio</strong></span> <span class='ocrx_word' id='word_1_7' title='bbox 311 453 408 507; x_wconf 87' lang='lat' dir='ltr'><strong>mentis</strong></span> <span class='ocrx_word' id='word_1_8' title='bbox 418 453 508 507; x_wconf 90' lang='lat' dir='ltr'><strong>morbo</strong></span> <span class='ocrx_word' id='word_1_9' title='bbox 520 454 604 520; x_wconf 77' lang='lat' dir='ltr'><strong>celet3</strong></span> <span class='ocrx_word' id='word_1_10' title='bbox 622 454 675 509; x_wconf 92' lang='lat' dir='ltr'><strong>huc</strong></span> <span class='ocrx_word' id='word_1_11' title='bbox 686 454 793 525; x_wconf 88' lang='lat' dir='ltr'><strong>propius</strong></span> <span class='ocrx_word' id='word_1_12' title='bbox 804 471 854 524; x_wconf 92' lang='lat' dir='ltr'><strong>me,</strong></span> <span class='ocrx_word' id='word_1_13' title='bbox 938 460 973 508; x_wconf 79' lang='lat'><strong>80</strong></span> 
     </span>
     <span class='ocr_line' id='line_1_3' title="bbox 180 521 829 592; baseline 0.006 -19"><span class='ocrx_word' id='word_1_14' title='bbox 180 521 252 574; x_wconf 90' lang='lat' dir='ltr'><strong>Dum</strong></span> <span class='ocrx_word' id='word_1_15' title='bbox 264 522 343 575; x_wconf 88' lang='lat' dir='ltr'><strong>doceo</strong></span> <span class='ocrx_word' id='word_1_16' title='bbox 354 522 469 577; x_wconf 78' lang='lat' dir='ltr'>insanire</span> <span class='ocrx_word' id='word_1_17' title='bbox 481 540 577 592; x_wconf 89' lang='lat' dir='ltr'><strong>omnes,</strong></span> <span class='ocrx_word' id='word_1_18' title='bbox 589 542 636 578; x_wconf 82' lang='lat' dir='ltr'><strong>vos</strong></span> <span class='ocrx_word' id='word_1_19' title='bbox 648 524 739 578; x_wconf 90' lang='lat' dir='ltr'><strong>ordine</strong></span> <span class='ocrx_word' id='word_1_20' title='bbox 750 524 829 578; x_wconf 86' lang='lat' dir='ltr'><strong>edite.</strong></span> 
     </span>
     <span class='ocr_line' id='line_1_4' title="bbox 181 589 877 661; baseline 0.006 -17"><span class='ocrx_word' id='word_1_21' title='bbox 181 589 277 644; x_wconf 72' lang='lat' dir='ltr'><strong>Danda</strong></span> <span class='ocrx_word' id='word_1_22' title='bbox 289 597 329 645; x_wconf 87' lang='lat' dir='ltr'><strong>est</strong></span> <span class='ocrx_word' id='word_1_23' title='bbox 340 592 466 645; x_wconf 80' lang='lat' dir='ltr'>hellebori</span> <span class='ocrx_word' id='word_1_24' title='bbox 477 592 562 645; x_wconf 86' lang='lat' dir='ltr'><strong>multo</strong></span> <span class='ocrx_word' id='word_1_25' title='bbox 574 610 635 661; x_wconf 85' lang='lat' dir='ltr'><strong>pars</strong></span> <span class='ocrx_word' id='word_1_26' title='bbox 646 594 764 647; x_wconf 79' lang='lat' dir='ltr'><strong>mraxime</strong></span> <span class='ocrx_word' id='word_1_27' title='bbox 775 593 877 657; x_wconf 63' lang='lat' dir='ltr'><strong>sverin</strong></span> 
     </span>
     <span class='ocr_line' id='line_1_5' title="bbox 180 658 884 731; baseline 0.004 -19"><span class='ocrx_word' id='word_1_28' title='bbox 180 658 275 713; x_wconf 85' lang='lat' dir='ltr'><strong>Nescio</strong></span> <span class='ocrx_word' id='word_1_29' title='bbox 287 677 321 713; x_wconf 85' lang='lat' dir='ltr'><strong>an</strong></span> <span class='ocrx_word' id='word_1_30' title='bbox 334 660 489 731; x_wconf 82' lang='lat' dir='ltr'><strong>Anticyrsm</strong></span> <span class='ocrx_word' id='word_1_31' title='bbox 500 662 569 715; x_wconf 87' lang='lat' dir='ltr'><strong>ratio</strong></span> <span class='ocrx_word' id='word_1_32' title='bbox 582 662 635 715; x_wconf 92' lang='lat' dir='ltr'><strong>illis</strong></span> <span class='ocrx_word' id='word_1_33' title='bbox 647 663 762 715; x_wconf 88' lang='lat' dir='ltr'><strong>destinet</strong></span> <span class='ocrx_word' id='word_1_34' title='bbox 773 680 884 716; x_wconf 87' lang='lat' dir='ltr'><strong>omnem</strong></span> 
     </span>
     <span class='ocr_line' id='line_1_6' title="bbox 180 728 848 800; baseline 0.009 -20"><span class='ocrx_word' id='word_1_35' title='bbox 180 728 298 782; x_wconf 88' lang='lat' dir='ltr'><strong>Heredes</strong></span> <span class='ocrx_word' id='word_1_36' title='bbox 310 730 414 783; x_wconf 76' lang='lat' dir='ltr'><strong>Staberi</strong></span> <span class='ocrx_word' id='word_1_37' title='bbox 427 748 556 785; x_wconf 90' lang='lat' dir='ltr'><strong>summam</strong></span> <span class='ocrx_word' id='word_1_38' title='bbox 567 731 685 784; x_wconf 87' lang='lat' dir='ltr'><strong>incidere</strong></span> <span class='ocrx_word' id='word_1_39' title='bbox 696 731 848 800; x_wconf 89' lang='lat' dir='ltr'><strong>sepulchro:</strong></span> 
     </span>
     <span class='ocr_line' id='line_1_7' title="bbox 179 796 793 868; baseline 0.005 -18"><span class='ocrx_word' id='word_1_40' title='bbox 179 796 216 850; x_wconf 87' lang='lat' dir='ltr'><strong>Ni</strong></span> <span class='ocrx_word' id='word_1_41' title='bbox 229 798 266 851; x_wconf 90' lang='lat' dir='ltr'><strong>sic</strong></span> <span class='ocrx_word' id='word_1_42' title='bbox 278 797 408 866; x_wconf 73' lang='lat' dir='ltr'><strong>fecissent,</strong></span> <span class='ocrx_word' id='word_1_43' title='bbox 420 800 597 868; x_wconf 70' lang='lat' dir='ltr'><strong>gladiatorum</strong></span> <span class='ocrx_word' id='word_1_44' title='bbox 610 801 673 855; x_wconf 82' lang='lat' dir='ltr'><strong>dare</strong></span> <span class='ocrx_word' id='word_1_45' title='bbox 685 807 793 854; x_wconf 88' lang='lat' dir='ltr'><strong>centum</strong></span> 
     </span>
     <span class='ocr_line' id='line_1_8' title="bbox 179 865 914 939; baseline 0.007 -20"><span class='ocrx_word' id='word_1_46' title='bbox 179 865 307 921; x_wconf 85' lang='lat' dir='ltr'><strong>Damneti</strong></span> <span class='ocrx_word' id='word_1_47' title='bbox 318 868 415 937; x_wconf 89' lang='lat' dir='ltr'><strong>populo</strong></span> <span class='ocrx_word' id='word_1_48' title='bbox 426 869 501 937; x_wconf 85' lang='lat' dir='ltr'><strong>peria</strong></span> <span class='ocrx_word' id='word_1_49' title='bbox 512 874 592 937; x_wconf 89' lang='lat' dir='ltr'><strong>atque</strong></span> <span class='ocrx_word' id='word_1_50' title='bbox 604 870 713 939; x_wconf 91' lang='lat' dir='ltr'><strong>epulum</strong></span> <span class='ocrx_word' id='word_1_51' title='bbox 723 868 832 923; x_wconf 86' lang='lat' dir='ltr'><strong>arbitrio</strong></span> <span class='ocrx_word' id='word_1_52' title='bbox 844 869 914 937; x_wconf 82' lang='lat' dir='ltr'><strong>Arri,</strong></span> 
     </span>
     <span class='ocr_line' id='line_1_9' title="bbox 180 934 940 1006; baseline 0.004 -18"><span class='ocrx_word' id='word_1_53' title='bbox 180 934 318 988; x_wconf 80' lang='lat' dir='ltr'><strong>Frumenti</strong></span> <span class='ocrx_word' id='word_1_54' title='bbox 347 939 459 987; x_wconf 88' lang='lat' dir='ltr'><strong>uantum</strong></span> <span class='ocrx_word' id='word_1_55' title='bbox 471 934 549 986; x_wconf 90' lang='lat' dir='ltr'><strong>metit</strong></span> <span class='ocrx_word' id='word_1_56' title='bbox 561 934 660 989; x_wconf 78' lang='lat' dir='ltr'><strong>Ais-ica.</strong></span> <span class='ocrx_word' id='word_1_57' title='bbox 696 935 780 991; x_wconf 80' lang='lat' dir='ltr'><strong>“Sive</strong></span> <span class='ocrx_word' id='word_1_58' title='bbox 792 953 841 1006; x_wconf 81' lang='lat' dir='ltr'><strong>ego</strong></span> <span class='ocrx_word' id='word_1_59' title='bbox 871 954 940 1001; x_wconf 86' lang='lat' dir='ltr'><strong>rave,</strong></span> 
     </span>
     <span class='ocr_line' id='line_1_10' title="bbox 179 951 926 1072; baseline 0.003 -15"><span class='ocrx_word' id='word_1_60' title='bbox 179 1002 233 1069; x_wconf 81' lang='lat' dir='ltr'><strong>Seu</strong></span> <span class='ocrx_word' id='word_1_61' title='bbox 244 1008 321 1069; x_wconf 88' lang='lat' dir='ltr'><strong>recte,</strong></span> <span class='ocrx_word' id='word_1_62' title='bbox 331 951 383 1055; x_wconf 72' lang='lat' dir='ltr'><strong>irco</strong></span> <span class='ocrx_word' id='word_1_63' title='bbox 396 1001 485 1066; x_wconf 88' lang='lat' dir='ltr'><strong>volui;</strong></span> <span class='ocrx_word' id='word_1_64' title='bbox 502 1019 536 1055; x_wconf 92' lang='lat' dir='ltr'><strong>ne</strong></span> <span class='ocrx_word' id='word_1_65' title='bbox 548 1003 582 1055; x_wconf 90' lang='lat' dir='ltr'><strong>sis</strong></span> <span class='ocrx_word' id='word_1_66' title='bbox 593 1009 705 1072; x_wconf 83' lang='lat' dir='ltr'><strong>patruus</strong></span> <span class='ocrx_word' id='word_1_67' title='bbox 716 1005 808 1058; x_wconf 89' lang='lat' dir='ltr'><strong>mihi.&#39;’</strong></span> <span class='ocrx_word' id='word_1_68' title='bbox 878 1006 926 1059; x_wconf 92' lang='lat' dir='ltr'><strong>edo</strong></span> 
     </span>
     <span class='ocr_line' id='line_1_11' title="bbox 180 1070 970 1143; baseline 0.001 -18"><span class='ocrx_word' id='word_1_69' title='bbox 180 1072 240 1125; x_wconf 91' lang='lat' dir='ltr'><strong>Hoc</strong></span> <span class='ocrx_word' id='word_1_70' title='bbox 251 1070 355 1125; x_wconf 76' lang='lat' dir='ltr'>Staberi</span> <span class='ocrx_word' id='word_1_71' title='bbox 368 1071 525 1140; x_wconf 72' lang='lat' dir='ltr'><strong>prudentem</strong></span> <span class='ocrx_word' id='word_1_72' title='bbox 536 1072 656 1125; x_wconf 76' lang='lat' dir='ltr'><strong>animum</strong></span> <span class='ocrx_word' id='word_1_73' title='bbox 669 1074 780 1128; x_wconf 67' lang='lat' dir='ltr'><strong>vidisse!</strong></span> <span class='ocrx_word' id='word_1_74' title='bbox 816 1075 899 1140; x_wconf 82' lang='lat' dir='ltr'><strong>‘Quid</strong></span> <span class='ocrx_word' id='word_1_75' title='bbox 908 1092 970 1143; x_wconf 81' lang='lat' dir='ltr'><strong>ergo</strong></span> 
     </span>
     <span class='ocr_line' id='line_1_12' title="bbox 179 1140 970 1212; baseline 0 -18"><span class='ocrx_word' id='word_1_76' title='bbox 179 1140 274 1206; x_wconf 81' lang='lat' dir='ltr'><strong>Sensit,</strong></span> <span class='ocrx_word' id='word_1_77' title='bbox 287 1157 369 1210; x_wconf 91' lang='lat' dir='ltr'><strong>quum</strong></span> <span class='ocrx_word' id='word_1_78' title='bbox 380 1157 510 1193; x_wconf 76' lang='lat' dir='ltr'><strong>summam</strong></span> <span class='ocrx_word' id='word_1_79' title='bbox 522 1142 666 1209; x_wconf 75' lang='lat' dir='ltr'><strong>patrimoni</strong></span> <span class='ocrx_word' id='word_1_80' title='bbox 677 1142 824 1212; x_wconf 70' lang='lat' dir='ltr'><strong>insculpere</strong></span> <span class='ocrx_word' id='word_1_81' title='bbox 836 1162 900 1197; x_wconf 82' lang='lat' dir='ltr'><strong>sexo</strong></span> <span class='ocrx_word' id='word_1_82' title='bbox 936 1147 970 1196; x_wconf 83' lang='lat'><strong>90</strong></span> 
     </span>
     <span class='ocr_line' id='line_1_13' title="bbox 180 1209 883 1280; baseline 0.009 -19"><span class='ocrx_word' id='word_1_83' title='bbox 180 1209 297 1263; x_wconf 86' lang='lat' dir='ltr'><strong>Heredes</strong></span> <span class='ocrx_word' id='word_1_84' title='bbox 309 1210 394 1263; x_wconf 85' lang='lat' dir='ltr'><strong>voluit</strong></span> <span class='ocrx_word' id='word_1_85' title='bbox 405 1209 429 1263; x_wconf 86' lang='lat' dir='ltr'><strong>&#39;i&#39;</strong></span> <span class='ocrx_word' id='word_1_86' title='bbox 454 1210 461 1237; x_wconf 83' lang='lat'>‘</span> <span class='ocrx_word' id='word_1_87' title='bbox 472 1209 565 1271; x_wconf 80' lang='lat' dir='ltr'><strong>Quoad</strong></span> <span class='ocrx_word' id='word_1_88' title='bbox 577 1211 655 1278; x_wconf 75' lang='lat' dir='ltr'><strong>vixit,</strong></span> <span class='ocrx_word' id='word_1_89' title='bbox 666 1212 779 1267; x_wconf 77' lang='lat' dir='ltr'><strong>credidit</strong></span> <span class='ocrx_word' id='word_1_90' title='bbox 790 1214 883 1280; x_wconf 80' lang='lat' dir='ltr'><strong>ingens</strong></span> 
     </span>
     <span class='ocr_line' id='line_1_14' title="bbox 180 1275 840 1346; baseline 0.006 -19"><span class='ocrx_word' id='word_1_91' title='bbox 180 1275 338 1345; x_wconf 82' lang='lat' dir='ltr'><strong>Pauperiem</strong></span> <span class='ocrx_word' id='word_1_92' title='bbox 349 1278 446 1332; x_wconf 84' lang='lat' dir='ltr'><strong>vitium</strong></span> <span class='ocrx_word' id='word_1_93' title='bbox 458 1285 485 1333; x_wconf 94' lang='lat' dir='ltr'><strong>et</strong></span> <span class='ocrx_word' id='word_1_94' title='bbox 497 1281 568 1333; x_wconf 76' lang='lat' dir='ltr'><strong>cavit</strong></span> <span class='ocrx_word' id='word_1_95' title='bbox 579 1280 649 1333; x_wconf 90' lang='lat' dir='ltr'><strong>nihil</strong></span> <span class='ocrx_word' id='word_1_96' title='bbox 660 1282 753 1346; x_wconf 87' lang='lat' dir='ltr'><strong>scrius,</strong></span> <span class='ocrx_word' id='word_1_97' title='bbox 765 1286 805 1346; x_wconf 88' lang='lat' dir='ltr'><strong>ut,</strong></span> <span class='ocrx_word' id='word_1_98' title='bbox 817 1284 840 1332; x_wconf 90' lang='lat' dir='ltr'><strong>si</strong></span> 
     </span>
     <span class='ocr_line' id='line_1_15' title="bbox 180 1343 839 1417; baseline 0.008 -21"><span class='ocrx_word' id='word_1_99' title='bbox 180 1343 260 1397; x_wconf 80' lang='lat' dir='ltr'><strong>Forte</strong></span> <span class='ocrx_word' id='word_1_100' title='bbox 271 1346 359 1399; x_wconf 90' lang='lat' dir='ltr'><strong>minus</strong></span> <span class='ocrx_word' id='word_1_101' title='bbox 371 1347 486 1417; x_wconf 78' lang='lat' dir='ltr'><strong>locuples</strong></span> <span class='ocrx_word' id='word_1_102' title='bbox 498 1366 552 1401; x_wconf 93' lang='lat' dir='ltr'><strong>uno</strong></span> <span class='ocrx_word' id='word_1_103' title='bbox 565 1350 711 1417; x_wconf 80' lang='lat' dir='ltr'><strong>quadrante</strong></span> <span class='ocrx_word' id='word_1_104' title='bbox 722 1349 839 1417; x_wconf 86' lang='lat' dir='ltr'><strong>perisset,</strong></span> 
     </span>
     <span class='ocr_line' id='line_1_16' title="bbox 181 1413 829 1485; baseline 0.009 -21"><span class='ocrx_word' id='word_1_105' title='bbox 181 1413 195 1464; x_wconf 97' lang='lat' dir='ltr'>I</span> <span class='ocrx_word' id='word_1_106' title='bbox 215 1430 242 1465; x_wconf 92' lang='lat' dir='ltr'><strong>se</strong></span> <span class='ocrx_word' id='word_1_107' title='bbox 254 1414 387 1468; x_wconf 85' lang='lat' dir='ltr'><strong>videretur</strong></span> <span class='ocrx_word' id='word_1_108' title='bbox 399 1416 448 1468; x_wconf 92' lang='lat' dir='ltr'><strong>sibi</strong></span> <span class='ocrx_word' id='word_1_109' title='bbox 460 1418 583 1485; x_wconf 89' lang='lat' dir='ltr'><strong>nequior:</strong></span> <span class='ocrx_word' id='word_1_110' title='bbox 601 1418 687 1469; x_wconf 86' lang='lat' dir='ltr'><strong>omnis</strong></span> <span class='ocrx_word' id='word_1_111' title='bbox 699 1417 829 1482; x_wconf 77' lang='lat' dir='ltr'><strong>enimes,</strong></span> 
     </span>
    </p>

    <p class='ocr_par' dir='ltr' id='par_1_3' title="bbox 158 1482 975 2927">
     <span class='ocr_line' id='line_1_17' title="bbox 206 1482 883 1565; baseline 0.006 -32"><span class='ocrx_word' id='word_1_112' title='bbox 206 1482 282 1549; x_wconf 90' lang='lat' dir='ltr'><strong>irtus,</strong></span> <span class='ocrx_word' id='word_1_113' title='bbox 293 1482 372 1550; x_wconf 65' lang='lat' dir='ltr'><strong>fama</strong></span> <span class='ocrx_word' id='word_1_114' title='bbox 384 1484 471 1551; x_wconf 88' lang='lat' dir='ltr'><strong>decus,</strong></span> <span class='ocrx_word' id='word_1_115' title='bbox 483 1485 574 1537; x_wconf 84' lang='lat' dir='ltr'><strong>divine</strong></span> <span class='ocrx_word' id='word_1_116' title='bbox 585 1486 753 1553; x_wconf 76' lang='lat' dir='ltr'><strong>humaneque</strong></span> <span class='ocrx_word' id='word_1_117' title='bbox 763 1484 883 1565; x_wconf 88' lang='lat' dir='ltr'><strong>pulchris</strong></span> 
     </span>
     <span class='ocr_line' id='line_1_18' title="bbox 179 1549 807 1622; baseline 0.005 -20"><span class='ocrx_word' id='word_1_118' title='bbox 179 1549 290 1603; x_wconf 79' lang='lat' dir='ltr'><strong>Divitiis</strong></span> <span class='ocrx_word' id='word_1_119' title='bbox 301 1558 410 1620; x_wconf 83' lang='lat' dir='ltr'><strong>perent;</strong></span> <span class='ocrx_word' id='word_1_120' title='bbox 428 1570 494 1622; x_wconf 84' lang='lat' dir='ltr'><strong>quus</strong></span> <span class='ocrx_word' id='word_1_121' title='bbox 506 1555 553 1622; x_wconf 93' lang='lat' dir='ltr'><strong>qui</strong></span> <span class='ocrx_word' id='word_1_122' title='bbox 564 1553 749 1620; x_wconf 82' lang='lat' dir='ltr'><strong>construxerit,</strong></span> <span class='ocrx_word' id='word_1_123' title='bbox 761 1554 807 1606; x_wconf 85' lang='lat' dir='ltr'><strong>rlle</strong></span> 
     </span>
     <span class='ocr_line' id='line_1_19' title="bbox 180 1617 971 1690; baseline 0.003 -19"><span class='ocrx_word' id='word_1_124' title='bbox 180 1617 272 1671; x_wconf 75' lang='lat' dir='ltr'><strong>(lienes</strong></span> <span class='ocrx_word' id='word_1_125' title='bbox 285 1618 343 1686; x_wconf 89' lang='lat' dir='ltr'><strong>erit,</strong></span> <span class='ocrx_word' id='word_1_126' title='bbox 355 1619 438 1687; x_wconf 82' lang='lat' dir='ltr'><strong>fortis,</strong></span> <span class='ocrx_word' id='word_1_127' title='bbox 447 1620 552 1688; x_wconf 67' lang='lat' dir='ltr'><strong>justus!</strong></span> <span class='ocrx_word' id='word_1_128' title='bbox 570 1621 753 1690; x_wconf 82' lang='lat' dir='ltr'><strong>‘Sapiensnel&#39;</strong></span> <span class='ocrx_word' id='word_1_129' title='bbox 771 1621 880 1686; x_wconf 72' lang='lat' dir='ltr'><strong>‘Etiam</strong></span> <span class='ocrx_word' id='word_1_130' title='bbox 888 1626 915 1675; x_wconf 93' lang='lat' dir='ltr'><strong>et</strong></span> <span class='ocrx_word' id='word_1_131' title='bbox 923 1638 971 1674; x_wconf 85' lang='lat' dir='ltr'><strong>rex</strong></span> 
     </span>
     <span class='ocr_line' id='line_1_20' title="bbox 180 1686 902 1759; baseline 0.007 -20"><span class='ocrx_word' id='word_1_132' title='bbox 180 1686 218 1740; x_wconf 80' lang='lat' dir='ltr'><strong>Et</strong></span> <span class='ocrx_word' id='word_1_133' title='bbox 231 1687 361 1757; x_wconf 89' lang='lat' dir='ltr'><strong>quidquid</strong></span> <span class='ocrx_word' id='word_1_134' title='bbox 372 1690 450 1743; x_wconf 83' lang='lat' dir='ltr'><strong>solet.</strong></span> <span class='ocrx_word' id='word_1_135' title='bbox 486 1690 553 1759; x_wconf 84' lang='lat' dir='ltr'><strong>Hoc,</strong></span> <span class='ocrx_word' id='word_1_136' title='bbox 564 1690 648 1744; x_wconf 79' lang='lat' dir='ltr'><strong>veluti</strong></span> <span class='ocrx_word' id='word_1_137' title='bbox 660 1690 760 1743; x_wconf 85' lang='lat' dir='ltr'><strong>virtute</strong></span> <span class='ocrx_word' id='word_1_138' title='bbox 771 1695 902 1759; x_wconf 79' lang='lat' dir='ltr'><strong>peretum,</strong></span> 
     </span>
     <span class='ocr_line' id='line_1_21' title="bbox 180 1755 838 1827; baseline 0.003 -18"><span class='ocrx_word' id='word_1_139' title='bbox 180 1755 303 1825; x_wconf 81' lang='lat' dir='ltr'><strong>Speravit</strong></span> <span class='ocrx_word' id='word_1_140' title='bbox 314 1774 417 1827; x_wconf 79' lang='lat' dir='ltr'><strong>msgnoe</strong></span> <span class='ocrx_word' id='word_1_141' title='bbox 429 1758 504 1811; x_wconf 74' lang='lat' dir='ltr'><strong>leudi</strong></span> <span class='ocrx_word' id='word_1_142' title='bbox 515 1759 577 1813; x_wconf 88' lang='lat' dir='ltr'><strong>fore.</strong></span> <span class='ocrx_word' id='word_1_143' title='bbox 614 1759 684 1825; x_wconf 82' lang='lat' dir='ltr'><strong>Quid</strong></span> <span class='ocrx_word' id='word_1_144' title='bbox 695 1759 781 1812; x_wconf 90' lang='lat' dir='ltr'><strong>simile</strong></span> <span class='ocrx_word' id='word_1_145' title='bbox 791 1759 838 1811; x_wconf 88' lang='lat' dir='ltr'><strong>isti</strong></span> 
     </span>
     <span class='ocr_line' id='line_1_22' title="bbox 181 1826 972 1910; baseline 0.003 -33"><span class='ocrx_word' id='word_1_146' title='bbox 181 1826 287 1879; x_wconf 74' lang='lat' dir='ltr'><strong>(insecus</strong></span> <span class='ocrx_word' id='word_1_147' title='bbox 299 1827 469 1910; x_wconf 86' lang='lat' dir='ltr'><strong>Aristippusl</strong></span> <span class='ocrx_word' id='word_1_148' title='bbox 488 1828 534 1897; x_wconf 92' lang='lat' dir='ltr'><strong>qui</strong></span> <span class='ocrx_word' id='word_1_149' title='bbox 545 1846 632 1883; x_wconf 86' lang='lat' dir='ltr'><strong>servos</strong></span> <span class='ocrx_word' id='word_1_150' title='bbox 662 1829 769 1897; x_wconf 89' lang='lat' dir='ltr'><strong>rejicere</strong></span> <span class='ocrx_word' id='word_1_151' title='bbox 781 1845 875 1882; x_wconf 84' lang='lat' dir='ltr'><strong>aurum</strong></span> <span class='ocrx_word' id='word_1_152' title='bbox 921 1828 972 1879; x_wconf 87' lang='lat'><strong>100</strong></span> 
     </span>
     <span class='ocr_line' id='line_1_23' title="bbox 181 1894 776 1967; baseline 0.008 -21"><span class='ocrx_word' id='word_1_153' title='bbox 181 1894 216 1946; x_wconf 92' lang='lat' dir='ltr'><strong>In</strong></span> <span class='ocrx_word' id='word_1_154' title='bbox 227 1895 314 1949; x_wconf 85' lang='lat' dir='ltr'><strong>medie</strong></span> <span class='ocrx_word' id='word_1_155' title='bbox 322 1897 403 1964; x_wconf 79' lang='lat' dir='ltr'><strong>jussit</strong></span> <span class='ocrx_word' id='word_1_156' title='bbox 415 1897 505 1966; x_wconf 81' lang='lat' dir='ltr'><strong>libys,</strong></span> <span class='ocrx_word' id='word_1_157' title='bbox 518 1899 581 1967; x_wconf 88' lang='lat' dir='ltr'><strong>quia</strong></span> <span class='ocrx_word' id='word_1_158' title='bbox 593 1904 635 1951; x_wconf 83' lang='lat' dir='ltr'><strong>ter</strong></span> <span class='ocrx_word' id='word_1_159' title='bbox 655 1899 695 1951; x_wconf 90' lang='lat' dir='ltr'><strong>&#39;us</strong></span> <span class='ocrx_word' id='word_1_160' title='bbox 706 1899 776 1951; x_wconf 89' lang='lat' dir='ltr'><strong>irent</strong></span> 
     </span>
     <span class='ocr_line' id='line_1_24' title="bbox 181 1961 890 2022; baseline 0.007 -7"><span class='ocrx_word' id='word_1_161' title='bbox 181 1961 232 2015; x_wconf 91' lang='lat' dir='ltr'><strong>Pro</strong></span> <span class='ocrx_word' id='word_1_162' title='bbox 251 1969 291 2016; x_wconf 88' lang='lat' dir='ltr'><strong>ter</strong></span> <span class='ocrx_word' id='word_1_163' title='bbox 303 1982 367 2019; x_wconf 90' lang='lat' dir='ltr'><strong>onus</strong></span> <span class='ocrx_word' id='word_1_164' title='bbox 380 1984 406 2021; x_wconf 91' lang='lat' dir='ltr'><strong>se</strong></span> <span class='ocrx_word' id='word_1_165' title='bbox 444 1984 478 2020; x_wconf 89' lang='lat' dir='ltr'><strong>es.</strong></span> <span class='ocrx_word' id='word_1_166' title='bbox 514 1968 580 2021; x_wconf 89' lang='lat' dir='ltr'><strong>Uter</strong></span> <span class='ocrx_word' id='word_1_167' title='bbox 592 1974 632 2022; x_wconf 86' lang='lat' dir='ltr'><strong>est</strong></span> <span class='ocrx_word' id='word_1_168' title='bbox 643 1968 759 2022; x_wconf 86' lang='lat' dir='ltr'><strong>insanior</strong></span> <span class='ocrx_word' id='word_1_169' title='bbox 770 1966 890 2020; x_wconf 84' lang='lat' dir='ltr'><strong>horumi&#39;</strong></span> 
     </span>
     <span class='ocr_line' id='line_1_25' title="bbox 180 1980 845 2113; baseline 0.005 -29"><span class='ocrx_word' id='word_1_170' title='bbox 180 1980 310 2113; x_wconf 64' lang='lat' dir='ltr'><strong>‘Nisaqit</strong></span> <span class='ocrx_word' id='word_1_171' title='bbox 322 2050 416 2102; x_wconf 85' lang='lat' dir='ltr'><strong>exemp</strong></span> <span class='ocrx_word' id='word_1_172' title='bbox 427 2052 480 2101; x_wconf 88' lang='lat' dir='ltr'><strong>um,</strong></span> <span class='ocrx_word' id='word_1_173' title='bbox 493 2034 568 2088; x_wconf 91' lang='lat' dir='ltr'><strong>litem</strong></span> <span class='ocrx_word' id='word_1_174' title='bbox 580 2036 650 2104; x_wconf 91' lang='lat' dir='ltr'><strong>quod</strong></span> <span class='ocrx_word' id='word_1_175' title='bbox 662 2036 711 2088; x_wconf 89' lang='lat' dir='ltr'><strong>lite</strong></span> <span class='ocrx_word' id='word_1_176' title='bbox 721 2034 845 2088; x_wconf 64' lang='lat' dir='ltr'><strong>resolvit?</strong></span> 
     </span>
     <span class='ocr_line' id='line_1_26' title="bbox 179 2100 927 2172; baseline 0 -18"><span class='ocrx_word' id='word_1_177' title='bbox 179 2100 227 2154; x_wconf 77' lang='lat' dir='ltr'><strong>‘si</strong></span> <span class='ocrx_word' id='word_1_178' title='bbox 240 2118 298 2170; x_wconf 77' lang='lat' dir='ltr'><strong>quis</strong></span> <span class='ocrx_word' id='word_1_179' title='bbox 310 2107 381 2155; x_wconf 86' lang='lat' dir='ltr'><strong>emat</strong></span> <span class='ocrx_word' id='word_1_180' title='bbox 392 2103 514 2170; x_wconf 86' lang='lat' dir='ltr'><strong>citharas,</strong></span> <span class='ocrx_word' id='word_1_181' title='bbox 526 2111 628 2172; x_wconf 82' lang='lat' dir='ltr'><strong>emptas</strong></span> <span class='ocrx_word' id='word_1_182' title='bbox 640 2109 785 2171; x_wconf 85' lang='lat' dir='ltr'><strong>comportet</strong></span> <span class='ocrx_word' id='word_1_183' title='bbox 797 2104 826 2154; x_wconf 90' lang='lat' dir='ltr'><strong>in</strong></span> <span class='ocrx_word' id='word_1_184' title='bbox 838 2118 927 2166; x_wconf 88' lang='lat' dir='ltr'><strong>unum,</strong></span> 
     </span>
     <span class='ocr_line' id='line_1_27' title="bbox 158 2165 810 2229; baseline -0.002 -10"><span class='ocrx_word' id='word_1_185' title='bbox 158 2224 162 2229; x_wconf 59' lang='grc'><strong>,</strong></span> <span class='ocrx_word' id='word_1_186' title='bbox 180 2165 237 2219; x_wconf 83' lang='lat' dir='ltr'><strong>Nec</strong></span> <span class='ocrx_word' id='word_1_187' title='bbox 249 2167 337 2219; x_wconf 90' lang='lat' dir='ltr'><strong>studio</strong></span> <span class='ocrx_word' id='word_1_188' title='bbox 349 2168 457 2221; x_wconf 88' lang='lat' dir='ltr'><strong>citharse</strong></span> <span class='ocrx_word' id='word_1_189' title='bbox 469 2185 518 2221; x_wconf 92' lang='lat' dir='ltr'><strong>nec</strong></span> <span class='ocrx_word' id='word_1_190' title='bbox 531 2168 616 2221; x_wconf 83' lang='lat' dir='ltr'><strong>Musae</strong></span> <span class='ocrx_word' id='word_1_191' title='bbox 629 2168 733 2220; x_wconf 88' lang='lat' dir='ltr'><strong>deditus</strong></span> <span class='ocrx_word' id='word_1_192' title='bbox 745 2166 795 2218; x_wconf 92' lang='lat' dir='ltr'><strong>ulli</strong></span> <span class='ocrx_word' id='word_1_193' title='bbox 802 2185 810 2229; x_wconf 90' lang='lat'>;</span> 
     </span>
     <span class='ocr_line' id='line_1_28' title="bbox 181 2234 822 2304; baseline -0.002 -16"><span class='ocrx_word' id='word_1_194' title='bbox 181 2234 210 2288; x_wconf 85' lang='lat' dir='ltr'><strong>Si</strong></span> <span class='ocrx_word' id='word_1_195' title='bbox 222 2235 324 2303; x_wconf 82' lang='lat' dir='ltr'><strong>scalpra</strong></span> <span class='ocrx_word' id='word_1_196' title='bbox 336 2242 363 2289; x_wconf 87' lang='lat' dir='ltr'><strong>et</strong></span> <span class='ocrx_word' id='word_1_197' title='bbox 374 2236 470 2290; x_wconf 83' lang='lat' dir='ltr'><strong>formas</strong></span> <span class='ocrx_word' id='word_1_198' title='bbox 482 2254 535 2289; x_wconf 92' lang='lat' dir='ltr'><strong>non</strong></span> <span class='ocrx_word' id='word_1_199' title='bbox 548 2242 629 2304; x_wconf 89' lang='lat' dir='ltr'><strong>sutor,</strong></span> <span class='ocrx_word' id='word_1_200' title='bbox 643 2236 751 2289; x_wconf 85' lang='lat' dir='ltr'><strong>nautica</strong></span> <span class='ocrx_word' id='word_1_201' title='bbox 762 2234 822 2288; x_wconf 77' lang='lat' dir='ltr'><strong>sels</strong></span> 
     </span>
     <span class='ocr_line' id='line_1_29' title="bbox 181 2304 721 2373; baseline 0.002 -18"><span class='ocrx_word' id='word_1_202' title='bbox 181 2304 297 2356; x_wconf 79' lang='lat' dir='ltr'><strong>Avernus</strong></span> <span class='ocrx_word' id='word_1_203' title='bbox 308 2305 471 2373; x_wconf 77' lang='lat' dir='ltr'><strong>mercaturis,</strong></span> <span class='ocrx_word' id='word_1_204' title='bbox 483 2304 580 2358; x_wconf 89' lang='lat' dir='ltr'><strong>delirus</strong></span> <span class='ocrx_word' id='word_1_205' title='bbox 592 2311 620 2357; x_wconf 91' lang='lat' dir='ltr'><strong>et</strong></span> <span class='ocrx_word' id='word_1_206' title='bbox 631 2321 721 2357; x_wconf 83' lang='lat' dir='ltr'><strong>emens</strong></span> 
     </span>
     <span class='ocr_line' id='line_1_30' title="bbox 181 2371 841 2443; baseline 0.002 -19"><span class='ocrx_word' id='word_1_207' title='bbox 181 2372 306 2441; x_wconf 87' lang='lat' dir='ltr'><strong>Undique</strong></span> <span class='ocrx_word' id='word_1_208' title='bbox 317 2373 422 2428; x_wconf 81' lang='lat' dir='ltr'><strong>dicetur</strong></span> <span class='ocrx_word' id='word_1_209' title='bbox 433 2374 534 2428; x_wconf 88' lang='lat' dir='ltr'><strong>merito.</strong></span> <span class='ocrx_word' id='word_1_210' title='bbox 569 2374 621 2438; x_wconf 80' lang='lat' dir='ltr'><strong>Qui</strong></span> <span class='ocrx_word' id='word_1_211' title='bbox 633 2373 764 2443; x_wconf 84' lang='lat' dir='ltr'><strong>discrepat</strong></span> <span class='ocrx_word' id='word_1_212' title='bbox 775 2371 841 2439; x_wconf 87' lang='lat' dir='ltr'><strong>istis,</strong></span> 
     </span>
     <span class='ocr_line' id='line_1_31' title="bbox 182 2440 831 2511; baseline -0.002 -17"><span class='ocrx_word' id='word_1_213' title='bbox 182 2440 235 2505; x_wconf 80' lang='lat' dir='ltr'><strong>Qui</strong></span> <span class='ocrx_word' id='word_1_214' title='bbox 245 2459 366 2496; x_wconf 89' lang='lat' dir='ltr'><strong>nummos</strong></span> <span class='ocrx_word' id='word_1_215' title='bbox 378 2460 526 2511; x_wconf 78' lang='lat' dir='ltr'><strong>nurumque</strong></span> <span class='ocrx_word' id='word_1_216' title='bbox 536 2442 664 2509; x_wconf 88' lang='lat' dir='ltr'><strong>recondit,</strong></span> <span class='ocrx_word' id='word_1_217' title='bbox 676 2442 778 2495; x_wconf 88' lang='lat' dir='ltr'><strong>nescius</strong></span> <span class='ocrx_word' id='word_1_218' title='bbox 789 2441 831 2494; x_wconf 89' lang='lat' dir='ltr'><strong>uti</strong></span> 
     </span>
     <span class='ocr_line' id='line_1_32' title="bbox 181 2508 975 2581; baseline -0.003 -19"><span class='ocrx_word' id='word_1_219' title='bbox 181 2510 336 2579; x_wconf 73' lang='lat' dir='ltr'><strong>Compositis</strong></span> <span class='ocrx_word' id='word_1_220' title='bbox 347 2520 519 2581; x_wconf 88' lang='lat' dir='ltr'><strong>metuensque</strong></span> <span class='ocrx_word' id='word_1_221' title='bbox 532 2512 606 2566; x_wconf 87' lang='lat' dir='ltr'><strong>velut</strong></span> <span class='ocrx_word' id='word_1_222' title='bbox 618 2511 768 2579; x_wconf 85' lang='lat' dir='ltr'><strong>contingere</strong></span> <span class='ocrx_word' id='word_1_223' title='bbox 780 2508 900 2564; x_wconf 84' lang='lat' dir='ltr'><strong>sacrumi</strong></span> <span class='ocrx_word' id='word_1_224' title='bbox 925 2512 975 2561; x_wconf 88' lang='lat'><strong>110</strong></span> 
     </span>
     <span class='ocr_line' id='line_1_33' title="bbox 182 2577 863 2651; baseline -0.001 -19"><span class='ocrx_word' id='word_1_225' title='bbox 182 2577 212 2632; x_wconf 81' lang='lat' dir='ltr'><strong>si</strong></span> <span class='ocrx_word' id='word_1_226' title='bbox 224 2580 283 2647; x_wconf 93' lang='lat' dir='ltr'><strong>quis</strong></span> <span class='ocrx_word' id='word_1_227' title='bbox 295 2580 329 2634; x_wconf 87' lang='lat' dir='ltr'><strong>ed</strong></span> <span class='ocrx_word' id='word_1_228' title='bbox 341 2582 477 2651; x_wconf 79' lang='lat' dir='ltr'><strong>ingentem</strong></span> <span class='ocrx_word' id='word_1_229' title='bbox 489 2582 618 2635; x_wconf 86' lang='lat' dir='ltr'><strong>frumenti</strong></span> <span class='ocrx_word' id='word_1_230' title='bbox 629 2598 730 2650; x_wconf 88' lang='lat' dir='ltr'><strong>semper</strong></span> <span class='ocrx_word' id='word_1_231' title='bbox 741 2597 863 2633; x_wconf 87' lang='lat' dir='ltr'><strong>acervum</strong></span> 
     </span>
     <span class='ocr_line' id='line_1_34' title="bbox 184 2646 865 2719; baseline -0.001 -19"><span class='ocrx_word' id='word_1_232' title='bbox 184 2646 324 2702; x_wconf 85' lang='lat' dir='ltr'><strong>Porrectus</strong></span> <span class='ocrx_word' id='word_1_233' title='bbox 335 2650 428 2719; x_wconf 79' lang='lat' dir='ltr'><strong>vigilet</strong></span> <span class='ocrx_word' id='word_1_234' title='bbox 441 2668 501 2703; x_wconf 89' lang='lat' dir='ltr'><strong>cum</strong></span> <span class='ocrx_word' id='word_1_235' title='bbox 513 2651 592 2719; x_wconf 79' lang='lat' dir='ltr'><strong>longo</strong></span> <span class='ocrx_word' id='word_1_236' title='bbox 603 2651 682 2717; x_wconf 83' lang='lat' dir='ltr'><strong>fuste,</strong></span> <span class='ocrx_word' id='word_1_237' title='bbox 694 2666 778 2717; x_wconf 88' lang='lat' dir='ltr'><strong>neque</strong></span> <span class='ocrx_word' id='word_1_238' title='bbox 790 2647 865 2700; x_wconf 89' lang='lat' dir='ltr'><strong>illinc</strong></span> 
     </span>
     <span class='ocr_line' id='line_1_35' title="bbox 183 2716 847 2787; baseline -0.002 -17"><span class='ocrx_word' id='word_1_239' title='bbox 183 2716 291 2771; x_wconf 78' lang='lat' dir='ltr'><strong>Audeat</strong></span> <span class='ocrx_word' id='word_1_240' title='bbox 303 2720 418 2771; x_wconf 85' lang='lat' dir='ltr'><strong>esuriens</strong></span> <span class='ocrx_word' id='word_1_241' title='bbox 431 2719 552 2773; x_wconf 89' lang='lat' dir='ltr'><strong>dominus</strong></span> <span class='ocrx_word' id='word_1_242' title='bbox 564 2720 715 2787; x_wconf 81' lang='lat' dir='ltr'><strong>contingere</strong></span> <span class='ocrx_word' id='word_1_243' title='bbox 727 2734 847 2785; x_wconf 83' lang='lat' dir='ltr'><strong>granum,</strong></span> 
     </span>
     <span class='ocr_line' id='line_1_36' title="bbox 185 2784 767 2855; baseline 0 -17"><span class='ocrx_word' id='word_1_244' title='bbox 185 2784 225 2839; x_wconf 80' lang='lat' dir='ltr'><strong>Ac</strong></span> <span class='ocrx_word' id='word_1_245' title='bbox 236 2787 324 2855; x_wconf 90' lang='lat' dir='ltr'><strong>potius</strong></span> <span class='ocrx_word' id='word_1_246' title='bbox 335 2787 405 2841; x_wconf 87' lang='lat' dir='ltr'><strong>soliis</strong></span> <span class='ocrx_word' id='word_1_247' title='bbox 436 2805 512 2841; x_wconf 84' lang='lat' dir='ltr'><strong>arcus</strong></span> <span class='ocrx_word' id='word_1_248' title='bbox 525 2794 646 2842; x_wconf 85' lang='lat' dir='ltr'><strong>vescetur</strong></span> <span class='ocrx_word' id='word_1_249' title='bbox 657 2788 767 2850; x_wconf 86' lang='lat' dir='ltr'><strong>amaris;</strong></span> 
     </span>
     <span class='ocr_line' id='line_1_37' title="bbox 185 2806 752 2927; baseline 0.005 -21"><span class='ocrx_word' id='word_1_250' title='bbox 185 2853 214 2907; x_wconf 78' lang='lat' dir='ltr'><strong>Si</strong></span> <span class='ocrx_word' id='word_1_251' title='bbox 225 2854 318 2925; x_wconf 89' lang='lat' dir='ltr'><strong>positis</strong></span> <span class='ocrx_word' id='word_1_252' title='bbox 329 2856 403 2911; x_wconf 88' lang='lat' dir='ltr'><strong>intus</strong></span> <span class='ocrx_word' id='word_1_253' title='bbox 415 2806 475 2911; x_wconf 71' lang='lat' dir='ltr'><strong>duri</strong></span> <span class='ocrx_word' id='word_1_254' title='bbox 486 2857 634 2927; x_wconf 79' lang='lat' dir='ltr'><strong>veterisque</strong></span> <span class='ocrx_word' id='word_1_255' title='bbox 647 2854 752 2910; x_wconf 79' lang='lat' dir='ltr'><strong>Falerni</strong></span> 
     </span>
    </p>
   </div>
   <div class='ocr_carea' id='block_1_3' title="bbox 0 0 1214 3317">
    <p class='ocr_par' dir='ltr' id='par_1_4' title="bbox 0 0 1214 3317">
     <span class='ocr_line' id='line_1_38' title="bbox 0 0 1214 3317; baseline 0 0"><span class='ocrx_word' id='word_1_256' title='bbox 0 0 1214 3317; x_wconf 95' lang='lat' dir='ltr'><strong> </strong></span> 
     </span>
    </p>
   </div>
  </div>
 </body>
</html>
