2409 3317
203 334 237 384 68
288 375 294 384 .
493 366 495 370 v
522 330 676 387 nondun

275 432 377 502 Injecte
387 433 510 487 monstris
522 434 602 487 Terre
614 435 685 487 dolet
698 439 750 489 suis

274 501 420 571 Meeretque
493 520 523 555 us
534 504 647 555 fulmine
659 504 776 558 luridum

308 570 402 623 Missos
461 570 558 623 Orcum
564 591 572 635 ;
589 589 639 624 nec
651 575 754 641 peredit

343 639 497 708 Impositum
509 640 577 693 celer
588 641 658 722 ignis
670 642 788 709 AEtnem,

275 708 467 761 incontinentis
478 725 527 762 nec
539 708 613 777 Tityi
620 711 697 777 jecur

276 776 394 845 Reliquit
405 777 465 843 eles,
477 778 602 845 nequitiae
614 777 722 831 edditus

311 846 417 909 Oust0s3
435 851 580 899 emetorem
591 851 717 900 trecentae

344 913 494 967 Pirithoum
505 914 629 969 cohibent
641 921 748 971 cetense.

268 1142 416 1196 cluunt
434 1140 533 1197 V.-1r
545 1156 661 1195 nennius
674 1156 794 1194 ememus
806 1156 933 1193 induem.

277 1266 354 1325 Omne
366 1270 503 1320 tenentem
515 1264 674 1319 credidimus
686 1264 706 1317 J
707 1280 782 1316 ovem

278 1334 412 1403 Regmre:
430 1350 543 1405 presens
555 1334 633 1386 divus
644 1332 784 1386 habebitur

311 1404 449 1473 Augustus
460 1403 570 1472 edjectis
582 1402 718 1455 Britannis

348 1473 461 1541 hperio
472 1471 649 1554 gravibusque
661 1470 754 1523 Persis.

277 1540 389 1595 Milesne
402 1541 487 1595 Oressr
498 1544 610 1610 conjuge
621 1540 733 1593 berbme

281 1610 375 1679 Turpis
386 1610 497 1663 meritiis
508 1611 578 1665 vixit
590 1615 617 1663 et
628 1609 752 1674 hostium,

312 1678 363 1730 Pro
376 1680 449 1731 curie
459 1678 610 1747 inversique
620 1678 718 1729 mores!

348 1745 490 1798 Oonsenuit
502 1761 648 1797 socerorum
658 1745 688 1795 in
699 1742 779 1795 ermis

277 1814 332 1867 Sub
343 1830 404 1881 rege
416 1813 494 1866 Medo
506 1811 610 1865 Mersus
622 1817 649 1864 et
661 1810 771 1879 Apulus,

279 1882 442 1935 Auciliorum
454 1886 482 1933 et
493 1880 606 1933 nominis
618 1886 646 1932 et
657 1886 726 1947 togae

314 1949 418 2003 Oblitus
431 1956 587 2018 eeternaeque
600 1949 695 2013 Vestae,

348 2018 477 2072 Incolumi
489 2018 557 2071 Jove
568 2024 596 2073 et
607 2017 673 2070 urbe
685 2016 786 2070 Romu

280 2088 338 2141 Hoc
350 2093 456 2141 cureret
466 2104 540 2141 mens
551 2087 662 2156 provide
674 2086 771 2154 Reguli

278 2156 464 2210 Dissentientis
476 2156 670 2209 conditionibus

313 2226 401 2279 Foedis
412 2232 439 2279 et
451 2226 570 2294 exemplo
582 2225 713 2279 trahentis

348 2294 493 2349 Perniciem
504 2294 611 2349 veniens
622 2295 651 2347 in
663 2310 757 2361 sevum,

278 2364 307 2417 si
318 2380 373 2416 non
384 2364 482 2432 periret
492 2363 686 2417 immiserabilis

279 2432 391 2501 Oeptive
402 2431 489 2500 pubes.
524 2434 540 2461 “
549 2432 631 2501 Signa
642 2449 691 2501 ego
703 2429 811 2485 Punicis

276 2532 278 2537 ·
315 2500 413 2554 Adfixe
424 2498 540 2553 delubris
551 2505 578 2553 et
590 2517 664 2552 urme

348 2568 481 2622 Militibus
492 2568 548 2621 sine
560 2566 656 2635 oaede,’‘
668 2567 745 2626 dixit,

282 2641 298 2671 “
307 2640 422 2705 Derepta
433 2636 488 2689 vid'
510 2635 565 2688 ridi
576 2652 625 2702 ego
637 2635 735 2687 civium

280 2704 390 2757 Retorte
402 2707 476 2769 tergo
505 2701 595 2755 rochis
607 2701 687 2755 libero

314 2771 459 2839 Porteeque
470 2784 524 2821 non
535 2769 638 2823 cleuses
650 2778 678 2824 et
689 2787 753 2825 erre

348 2838 436 2893 Mente
448 2838 499 2892 coli
510 2838 638 2907 populate
648 2845 744 2894 nostro.
