2409 3317
225 341 277 391 242
538 341 695 395 nontin

221 447 435 516 legitimumque
448 466 541 501 sonum
553 448 645 515 digitis
659 448 784 499 callemus
796 457 823 500 et
835 464 905 499 sure.

224 515 351 584 Ignotum
361 518 468 584 nugicse
479 532 563 584 genus
574 516 706 569 invenisse
718 516 837 570 Csmeuae

222 583 328 638 Dicitur
340 591 368 638 et
380 585 504 653 plaustris
515 585 617 637 vexisse
629 586 752 653 poimets
763 584 879 654 Thespis,

223 652 288 717 Qun
300 658 424 707 canerent
434 669 529 721 egenen
559 670 593 706 ue
605 654 726 722 peruncti
736 652 844 705 foecibus
855 670 907 704 ora.
943 670 948 679 ·

223 721 287 774 Post
298 720 370 774 hunc
382 738 496 790 persone
507 738 525 790 p
603 738 637 774 ue
646 728 763 790 repertor
774 722 890 774 honestoe

223 789 363 858 AEschylus
374 795 403 843 et
413 790 522 843 modicis
533 789 657 843 instravit
666 790 772 870 pulpito
783 790 865 858 tignis

223 858 260 911 Et
270 858 363 912 docuit
372 876 550 927 magnumque
561 857 634 925 loqui
645 858 747 928 mtique
758 859 893 913 cothurno.
964 862 1014 909 280

224 926 356 992 Successit
367 932 443 980 vetus
454 927 496 979 his
507 926 640 993 emedio
653 943 706 979 non
717 928 774 980 sine
784 927 871 980 mults

224 995 329 1060 leud03
346 996 392 1049 sed
404 996 433 1048 in
444 996 540 1048 vitium
551 995 659 1049 libertus
671 995 771 1048 excidit
782 1001 810 1048 et
821 995 876 1049 vim

225 1064 341 1132 Dignam
352 1064 410 1131 lege
421 1065 493 1145 segi3
522 1065 566 1117 lex
578 1069 619 1116 est
630 1071 738 1133 sooepts
749 1064 894 1133 choruscus

225 1132 348 1215 Turpiter
360 1132 472 1185 obticuit
484 1132 586 1185 sublato
594 1133 656 1201 jure
667 1132 785 1186 nocendi.
1004 1149 1011 1201 ῃ

224 1200 270 1253 Nil
282 1207 445 1254 mtentetum
457 1202 539 1256 nostri
550 1201 571 1255 li
588 1218 649 1254 uere
661 1202 755 1269 poitae.

225 1269 251 1321 N
251 1287 280 1323 ec
292 1270 432 1321 minimum
443 1286 560 1322 memore
571 1219 659 1335 decus,
671 1270 783 1338 vestigio
795 1270 886 1323 Groece

226 1338 291 1391 Ausi
303 1338 419 1391 deserere
431 1344 458 1392 et
470 1339 598 1392 celebrere
610 1337 751 1391 domestice
762 1340 841 1405 fecte,

226 1407 276 1459 Vel
288 1407 334 1475 qui
346 1412 487 1476 praetextss
498 1407 540 1462 vel
552 1407 599 1475 qui
611 1407 720 1462 docuere
732 1412 842 1475 togatus.

226 1476 282 1529 Nec
293 1475 592 1530 virtuteioretclnrisve
605 1475 738 1543 potentius
749 1476 829 1528 ermis
1113 1490 1114 1537 i

226 1544 311 1608 Quem
322 1544 415 1613 lingue
426 1544 539 1611 Ictium,
551 1545 574 1596 si
585 1560 639 1596 non
650 1544 793 1598 offenderet
804 1560 899 1597 unum-
963 1548 1015 1597 290

226 1629 357 1679 quemque
368 1616 506 1682 podtsmm
517 1613 587 1665 limse
599 1612 672 1665 lsbor
683 1618 711 1664 ct
722 1629 801 1666 more
838 1612 897 1678 Vos,
909 1630 924 1665 o

227 1682 371 1750 Pompilius
383 1682 497 1749 sanguis,
509 1698 615 1733 carmen
626 1680 814 1749 reprehendite,
827 1683 897 1749 quod
910 1698 963 1733 non

226 1750 315 1803 Mults
327 1750 383 1803 dies
393 1758 422 1803 et
433 1749 518 1802 mults
529 1750 610 1802 lituro
622 1750 738 1802 codicuit
750 1756 830 1818 etque

226 1818 376 1871 Perfectum
388 1818 472 1870 decies
484 1834 537 1869 non
548 1817 689 1885 castigavit
700 1818 734 1871 sd
746 1835 868 1886 unguem.

228 1887 369 1954 ingenium
379 1886 474 1937 misera
484 1885 548 1953 quie
558 1885 719 1941 fortunatius
731 1892 788 1939 erte

227 1955 317 2008 Credit
328 1961 356 2007 et
367 1954 486 2008 excludit
497 1970 573 2006 senos
585 1953 712 2008 Helicone
724 1957 815 2024 podtns

227 2023 400 2090 Democritus,
411 2022 480 2076 bons
491 2040 551 2091 pers
563 2039 616 2074 non
629 2040 729 2091 ungues
741 2040 835 2091 ponere
848 2032 930 2089 curiit,
1113 2004 1114 2079 i

227 2092 288 2145 Non
298 2091 414 2159 borbum,
426 2098 525 2145 secrete
537 2091 605 2160 petit
616 2091 681 2159 loce,
693 2092 787 2145 bsines
798 2093 873 2145 vitot.
918 2126 919 2131 =

227 2161 252 2212 N
253 2160 399 2214 onciscetur
411 2162 482 2213 enim
494 2161 608 2229 pretium
620 2177 715 2213 nomen
732 2178 766 2214 ue
778 2162 868 2229 poitae,

227 2229 255 2282 Si
268 2229 351 2282 tribus
363 2229 496 2297 Anticyris
508 2237 590 2297 ceput
601 2178 746 2282 moechiis
758 2246 891 2297 nunquam
963 2230 1013 2281 300

227 2298 334 2351 Tonsori
346 2298 437 2350 Iicino
448 2298 613 2351 commiserit.
649 2298 671 2351 0
683 2314 731 2366 ego
742 2298 833 2364 lusus,

227 2366 282 2428 Qui
293 2383 391 2434 purgor
401 2366 480 2419 bilem
491 2366 540 2419 sub
552 2366 627 2419 verni
638 2367 761 2434 temporis
773 2366 877 2421 horam!

226 2436 288 2489 Non
299 2434 368 2487 suus
378 2435 477 2487 fuceret
488 2435 595 2488 meliors
607 2436 729 2504 poimsts
735 2455 743 2499 ;
760 2452 852 2489 verum

229 2502 276 2557 Nil
287 2502 358 2556 tenti
369 2508 416 2556 est.
451 2502 521 2571 Ergo
532 2503 630 2571 fungor
641 2504 698 2557 vicc
710 2504 782 2571 cotis,
794 2511 902 2556 neutum

227 2572 346 2625 Reddere
358 2588 416 2639 quse
427 2571 526 2623 ferrum
538 2572 617 2637 velet,
628 2589 716 2625 exsors
727 2572 784 2641 ipsc
796 2572 915 2635 secandi;

226 2640 327 2693 Munus
339 2646 367 2693 ct
378 2639 492 2692 officium
504 2640 543 2691 nii
555 2640 668 2691 scribens
679 2641 735 2709 ipso
746 2638 849 2707 docebo,

227 2708 305 2761 Unde
334 2714 442 2761 crentur
452 2724 520 2775 opes,
533 2707 598 2774 quid
610 2707 665 2759 slot
676 2710 821 2777 formetque
834 2710 952 2777 podtem3

227 2777 297 2841 Quid
309 2727 407 2842 decent,
419 2776 482 2845 quid
494 2791 561 2838 non;
579 2791 630 2842 quo
642 2775 734 2856 virtus?
746 2793 797 2856 quo
807 2778 877 2830 ferat
889 2795 963 2829 error.

227 2844 362 2897 Scribendi
374 2848 444 2896 recte
455 2860 544 2910 saper-c
556 2850 594 2894 est
609 2849 636 2895 et
646 2844 804 2912 principium
816 2852 844 2897 et
856 2846 926 2897 fons:
