2409 3317
399 372 598 427 CARMINUM
617 372 657 427 11.
677 375 787 425 12-14.

329 474 377 529 Vis
388 476 479 545 rapuit
491 475 628 544 rapietque
640 478 739 539 gentes.

263 544 349 609 Quem
361 562 437 626 paene
449 546 533 599 furvus
545 560 628 611 regns
639 542 803 611 Proserpina

263 613 300 666 Et
309 614 476 682 judicantem
488 614 603 666 vidimus
615 612 737 678 Alincum,

295 682 427 805 Sedesppe
439 682 568 735 discretas
581 681 694 750 piorum,
705 685 733 732 et

329 752 379 805 AEo
411 770 422 805 s
434 751 530 804 fidibus
542 755 698 819 querentem

260 818 367 890 Sappho
379 821 475 890 puellis
488 820 520 873 de
532 818 714 889 popularibus,

260 888 297 943 Et
309 896 336 942 te
348 897 486 944 sonantem
498 888 603 959 plenius
615 904 703 955 sureo,

294 957 391 1026 Alosee,
403 959 504 1028 plectro
514 958 581 1010 dure
593 974 630 1009 ne
649 957 655 970 '

329 1028 404 1081 Dure
415 1028 488 1096 fuges
499 1026 578 1093 mnis,
592 1025 660 1078 durs
727 1026 733 1038 ’
744 1031 750 1083 1

260 1095 409 1165 Utrumque
421 1113 494 1150 ssoro
506 1096 588 1163 digna
601 1095 707 1148 silentio

258 1164 392 1220 Mirantur
404 1165 511 1219 Umbrae
523 1164 626 1229 dioere3
644 1164 689 1218 sed
701 1164 786 1234 magis

293 1234 334 1289 Pu
372 1252 400 1289 ss
412 1240 440 1289 et
452 1239 558 1289 exectos
669 1250 698 1287 os

353 1321 446 1358 ensum
458 1239 730 1356 humerisfflsme
741 1303 845 1372 vulgus.

259 1371 329 1435 Quid
340 1374 447 1439 mirum,
459 1372 506 1424 ubi
518 1372 571 1423 illis
584 1371 745 1423 carminibus
757 1378 867 1440 stupens

259 1439 385 1494 Demittit
397 1446 468 1492 atras
479 1438 569 1491 bellus
581 1439 714 1507 centiceps
838 1435 842 1444 ¹

293 1508 378 1561 Aures
391 1514 419 1561 et
430 1506 524 1559 intorti
536 1506 641 1574 capillis

328 1575 509 1628 Eumenidum
519 1579 674 1626 recreentur
685 1575 803 1641 ungues?

260 1644 331 1709 Quin
343 1650 371 1697 et
382 1642 556 1696 Prometheus
568 1648 596 1695 et
607 1641 712 1712 Pelopis
723 1660 820 1713 pnrens

260 1713 339 1767 Duloi
351 1712 471 1767 laborum
484 1711 616 1832 decipitur
627 1729 705 1777 son0;

295 1783 351 1837 Nee
363 1788 440 1837 ourst
453 1782 533 1835 Orion
556 1797 633 1835 eones

327 1851 384 1906 Aut
395 1852 502 1906 timidos
513 1850 616 1919 sgitnre
627 1850 726 1921 lynces.

329 2020 478 2075 GARMEN
496 2019 645 2074 xlm-n>
660 2035 819 2074 rosrunun.
875 2062 880 2070 ,

257 2130 340 2183 Eunu
353 2130 468 2199 fugaces,
481 2127 615 2194 Postume,
627 2125 759 2195 Postume,

258 2200 397 2253 Labuntur
409 2198 473 2251 enni
484 2213 533 2249 neo
545 2197 631 2265 pietss
641 2211 742 2248 morum

292 2268 377 2337 Rugis
389 2272 417 2321 et
428 2264 541 2320 instsnti
553 2270 666 2317 seneotss

326 2337 427 2391 Afferet
438 2334 627 2402 indomitusque
638 2333 733 2397 morti;

257 2409 326 2477 Non,
339 2405 490 2470 sitreeenis,
504 2408 636 2472 quotquot
647 2407 714 2455 eunt
725 2402 789 2470 dies,

256 2475 357 2544 Ammo,
369 2476 457 2545 plsees
469 2471 679 2526 illuorimsbilem

292 2545 408 2599 Plutone
420 2544 511 2609 tsuris,
523 2542 571 2612 qui
583 2548 625 2595 ter
635 2540 754 2610 emplum

328 2614 466 2683 Geryonen
478 2612 628 2681 Tityonque
639 2611 711 2663 tristi

258 2682 406 2752 Compesoit
418 2681 498 2748 unde,
511 2680 612 2735 seilicet
623 2680 753 2747 omnibus,

258 2753 416 2833 Quicumque
428 2756 505 2804 terreo
516 2766 626 2803 munere
638 2749 776 2817 vescimur,

292 2819 475 2888 hongundo,
488 2819 542 2871 sive
554 2835 628 2887 reges

327 2890 388 2944 Sive
400 2889 491 2957 inopes
503 2887 601 2943 erimus
613 2886 706 2942 coloni
