2409 3317
410 386 663 440 EPISnOLARUM
682 386 721 440 ΙΙ,
739 390 763 439 2.
930 391 977 439 231

186 481 226 534 Et
238 481 427 550 tempestivum
438 479 527 549 pueris
539 478 680 534 concedere
691 477 795 545 ludum,

187 551 231 603 Ac
242 567 297 603 non
308 549 388 603 verbs
400 549 475 618 sequi
486 547 583 601 fidibus
594 546 757 603 modulnndu
770 544 879 611 Latinis,

187 618 243 673 Sed
255 634 322 672 vern
334 634 507 687 numerosque
518 617 660 686 modosque
672 616 786 671 ediscere
798 614 867 667 vitae.

189 687 321 752 Quocirca
332 704 437 740 mecum
448 688 541 756 loquor
551 686 610 741 haec
622 685 721 739 tecitus
740 701 774 738 ue
785 682 918 738 recorder:

187 756 221 810 si
234 755 284 809 tibi
295 756 370 809 nulle
382 756 456 808 sitim
467 754 557 809 finiret
569 755 645 824 copis
656 753 730 825 lymp
751 772 781 822 ae,

189 825 319 878 Nsrrsres
330 825 453 879 medicis:
473 824 543 892 quod
555 823 744 904 quentoplurn
821 821 863 889 sti,

87 943 88 950 ,
189 893 277 947 Tanto
289 893 368 962 pluro
380 893 463 962 cupis,
473 890 576 945 nulline
588 894 696 947 faterier
707 909 743 947 su
761 890 805 945 esi

189 962 220 1016 si
232 962 332 1017 vulnus
343 960 394 1015 tibi
404 967 551 1015 monstrate
562 961 651 1014 redice
663 961 705 1014 vel
717 960 798 1014 herbe

190 1031 253 1085 Non
264 1031 341 1084 fieret
351 1030 444 1097 levius,
456 1028 560 1099 fugeres
571 1030 660 1086 radios
672 1030 714 1083 vel
725 1028 807 1083 herba
930 1032 980 1081 150

190 1099 351 1154 Proficiente
362 1098 431 1153 nihil
443 1098 566 1152 emerim.
600 1098 737 1167 Audimus,
750 1098 794 1152 oui

193 1168 261 1223 Rem
273 1167 310 1221 Di
323 1168 459 1236 donarent,
471 1166 513 1221 illi
524 1167 649 1223 decedere
660 1185 770 1237 prevem

191 1238 358 1303 Stultitiem3
376 1242 411 1306 et,
423 1255 507 1307 quum
519 1237 554 1291 sis
565 1236 650 1292 nihilo
662 1236 812 1306 sapientior,
825 1254 858 1291 ex
870 1253 923 1306 quo

192 1306 302 1361 Plenior
313 1324 349 1375 es,
361 1312 451 1360 temen
463 1305 545 1362 uteris
556 1306 730 1361 monitoribus
743 1304 844 1359 isdeml

192 1376 230 1429 At
242 1376 265 1429 si
276 1376 377 1431 divitie}
387 1373 548 1457 prudentem
559 1375 667 1429 reddere
679 1380 792 1445 possent,

192 1444 222 1497 Si
234 1444 361 1513 cupidum
373 1443 549 1512 tumidumque
561 1444 650 1497 minus
662 1449 697 1511 te,
709 1460 804 1512 nempe
815 1442 928 1510 rubores,

194 1513 302 1567 Viveret
314 1514 343 1566 in
355 1512 431 1567 terris
444 1518 471 1566 ts
482 1513 506 1567 si
517 1513 576 1582 quis
587 1513 692 1567 sverior
704 1529 764 1565 uno.

194 1582 223 1636 Si
235 1582 371 1652 proprium
382 1588 430 1650 est,
442 1581 514 1650 quod
526 1582 585 1651 quis
596 1580 664 1635 libre
675 1586 808 1635 mercetur
820 1586 847 1633 et
859 1597 917 1647 oere,

194 1651 329 1718 Quaedum,
342 1651 365 1705 si
376 1650 461 1705 credis
472 1650 607 1719 consultis,
618 1650 754 1718 mancipet
766 1667 845 1714 rreum

194 1720 247 1786 Qui
258 1727 286 1774 te
297 1720 382 1789 puscit
393 1738 464 1789 eger,
477 1725 540 1774 tuus
551 1724 599 1787 est,
612 1725 639 1773 et
651 1719 756 1773 villicus
769 1719 840 1787 Orbi,
935 1721 984 1771 160

195 1789 284 1854 Quum
296 1795 396 1859 segetes
408 1794 482 1843 occet
494 1788 544 1843 tibi
555 1806 618 1843 mox
630 1789 764 1843 frumenta
776 1789 891 1856 daturas,

194 1859 231 1913 'le
243 1859 379 1914 dominum
391 1860 480 1913 sentit
516 1859 571 1913 Des
583 1875 711 1927 nummos,
723 1858 820 1928 accipis
832 1876 920 1925 uvam,

196 1928 293 1996 Pullos,
305 1946 362 1997 orn,
374 1929 470 1981 esdum
481 1928 585 1983 temeti:
604 1946 699 1998 nempe
710 1929 787 1983 modo
799 1928 850 1981 isto

196 1997 340 2051 Peulletim
351 1997 475 2051 mercaris
486 2015 580 2066 agrum
591 1998 703 2051 fortasse
714 1997 838 2051 trecentis

196 2067 251 2119 Aut
264 2066 345 2119 etism
356 2083 438 2135 suprn
449 2083 616 2120 nummorum
627 2065 736 2121 milibus
747 2072 874 2147 emptum.

197 2134 267 2198 Quid
278 2135 366 2215 refert,
379 2134 453 2189 vives
464 2139 604 2187 numerato
616 2152 701 2203 nuper
712 2152 748 2189 en
759 2133 839 2187 olrml

197 2203 307 2272 Emptor
318 2201 421 2255 Aricini
433 2202 566 2270 quondum
578 2202 697 2257 Veientis
709 2208 736 2257 et
748 2202 806 2257 ervi

197 2271 325 2341 Emptum
336 2276 424 2327 coenet
436 2270 500 2338 olus,
513 2272 633 2352 quumvis
645 2272 723 2326 nliter
735 2276 828 2341 putst3
845 2272 941 2340 emptis

198 2339 251 2393 Sub
262 2345 368 2395 noctem
379 2339 495 2410 gelidum
506 2339 587 2408 hgnis
599 2340 740 2395 cslefsctst
752 2342 864 2405 s'e'num3

198 2408 248 2462 Sed
258 2415 336 2463 roeet
348 2426 431 2491 usque
443 2426 527 2475 suum,
540 2426 593 2477 qus
604 2409 718 2490 pppulus
729 2409 816 2463 udsite
828 2410 906 2465 certis
935 2411 985 2463 170

99 2506 102 2511 ·
199 2478 338 2533 limitibus
350 2478 437 2534 vicine
448 2478 549 2548 refugit
556 2479 663 2548 jurgrs5
682 2483 818 2547 temquem

199 2547 238 2600 Sit
250 2548 386 2617 proprium
398 2548 551 2619 quidquam,
561 2552 662 2617 puncto
675 2548 745 2618 quod
756 2547 860 2601 mobilis
871 2548 942 2601 horse

199 2616 276 2669 Nunc
287 2632 450 2685 preoe,nunc
461 2619 554 2687 pretio,
562 2634 635 2672 nuno
646 2618 682 2685 vi,
691 2634 762 2671 nunc
773 2623 857 2671 morte
865 2634 986 2686 supreme

200 2684 334 2738 Permutet
345 2684 463 2739 dominos
475 2692 503 2739 et
514 2686 591 2741 cedet
602 2688 632 2740 in
644 2687 728 2741 alteru
736 2688 805 2756 jnrs.

200 2753 240 2806 Sic
252 2753 316 2823 quis
327 2758 470 2822 perpetuus
481 2754 550 2807 nulli
561 2755 642 2811 detur
653 2774 716 2811 usus
729 2762 756 2809 et
768 2755 843 2811 heres

201 2822 329 2876 Heredem
341 2822 450 2877 elteriue
461 2823 536 2877 velut
548 2824 620 2877 unde
632 2824 784 2895 supervenit
796 2824 904 2893 undem,

202 2892 269 2959 Quid
280 2891 333 2949 rici
344 2896 455 2961 prosunt
466 2897 514 2945 eut
526 2892 636 2949 horrent
654 2894 753 2963 quidve
765 2893 881 2951 Onlebrie
