2409 3317
411 350 555 405 EPODON
574 348 684 403 ΟΔΒΜ
702 350 779 403 6-8.
940 349 991 399 113

270 454 345 519 Cave,
358 469 421 506 esve
431 471 437 507 :
455 468 570 521 nemque
580 451 612 503 in
622 450 706 505 mules
716 449 875 519 asperrimus

304 522 401 575 Psrsts
413 521 477 575 tollo
489 538 595 588 cornus,

270 591 360 655 Qualis
374 590 512 659 hyesmbae
524 596 627 712 spretus
638 588 721 643 infide
732 605 814 657 gener

305 660 360 712 dut
372 677 432 713 seer
443 660 526 712 hostis
561 658 648 729 upnlo.

271 729 321 796 dn,
334 729 427 798 siquis
439 735 497 782 etro
509 728 588 781 dente
599 744 643 781 me
654 726 786 797 petiverit,

306 798 412 851 Inultus
424 803 456 851 ut
467 796 534 850 debe
546 796 630 866 pueri

371 964 522 1018 onmem
539 962 674 1017 VIL-su
688 977 824 1016 nouenos.

272 1076 340 1144 Qus,
352 1093 403 1145 que
416 1075 519 1128 scelesti
530 1074 625 1128 ruitisi
643 1080 692 1127 eut
704 1090 751 1128 eur
763 1074 878 1128 dexteris

306 1144 442 1214 Aptentur
453 1161 527 1197 enses
539 1143 657 1197 eonditii

273 1213 403 1267 Parumne
415 1230 473 1266 esm
492 1213 515 1265 is
527 1220 609 1281 etque
619 1212 645 1265 N
646 1217 745 1294 epttme
757 1229 836 1281 super

307 1283 407 1335 Fusum
419 1289 459 1335 est
509 1283 560 1335 tini
572 1281 726 1349 sungmnisi

273 1352 340 1419 Non,
352 1358 384 1403 ut
396 1351 520 1420 superbus
532 1351 630 1404 invidae
643 1350 810 1418 Carthaginis

309 1420 442 1472 Romanus
454 1436 525 1471 erues
537 1425 633 1486 ureret,

274 1488 395 1541 Intsetus
406 1494 454 1541 eut
466 1488 611 1541 Britannus
622 1492 655 1539 ut
666 1486 835 1539 descenderet

308 1556 388 1609 Seers
400 1561 538 1609 estemtus
550 1556 601 1622 vie,

274 1624 325 1678 Sed
338 1631 368 1678 ut
380 1623 526 1677 seeundum
538 1631 600 1678 vete
613 1622 772 1677 Pnrthorum
785 1640 833 1677 sue

309 1694 377 1747 Urbs
389 1694 446 1747 haee
458 1694 556 1763 periret
567 1694 684 1747 dextere
965 1697 998 1745 10

273 1763 299 1815 N
300 1780 366 1885 eflue
378 1763 422 1816 hie
433 1763 505 1845 lupis
516 1780 572 1816 mos
584 1780 633 1815 nee
645 1762 699 1815 fuit
710 1761 830 1815 leonibus

333 1849 434 1901 nquam
445 1832 497 1885 msi
508 1832 537 1885 in
549 1832 639 1901 disper
650 1832 720 1884 ferie

275 1902 390 1954 Furome
403 1918 493 1969 eaeeus,
506 1918 540 1953 sn
552 1902 623 1970 repit
635 1902 675 1955 vis
687 1900 788 1954 seriori

309 1970 352 2022 dn
363 1970 459 2039 eulpsi
478 1970 642 2039 Responsum
654 1970 730 2025 dete!
743 1998 779 2009 -

274 2038 373 2092 Tenent
386 2046 413 2091 et
424 2039 500 2091 elbus
512 2055 557 2091 ore
568 2039 654 2107 pellor
665 2038 750 2091 inficit

309 2108 464 2175 Mentesque
476 2107 602 2175 pereulsae
615 2112 730 2175 stupent

274 2175 318 2229 sic
330 2182 382 2229 est:
401 2175 495 2228 uuerbe
505 2175 563 2228 fetu
575 2176 706 2228 Remenes
717 2181 802 2243 egunt

309 2244 451 2311 Scelusque
463 2244 586 2297 freternte
598 2243 678 2311 neeis,

275 2313 313 2367 Ut
324 2312 485 2365 immerentis
496 2311 576 2364 fluxit
587 2312 617 2364 in
628 2318 726 2365 terrem
738 2311 814 2366 Remi

309 2380 537 2451 Sueernepetibus
548 2397 631 2435 erum.
964 2383 999 2434 20

267 2588 275 2599 .
293 2547 442 2603 cAuMuN
461 2547 607 2603 vnn-11
618 2563 700 2603 srurs
712 2563 907 2603 mnmrrossss.

276 2656 393 2711 Russus
405 2659 449 2713 lon
495 2658 618 2729 putidum
629 2664 656 2713 te
668 2659 764 2728 seculo,

311 2726 386 2780 Vires
397 2729 443 2796 qui
474 2734 580 2781 enervet
590 2727 680 2781 messi

276 2794 365 2858 Quum
376 2795 412 2849 sit
424 2796 474 2848 tibi
485 2796 549 2849 dens
560 2802 619 2851 ster
630 2802 658 2849 et
669 2796 742 2865 rugis
754 2801 832 2850 vetus

310 2864 435 2919 Frontem
446 2872 566 2920 senectus
577 2870 677 2933 exeret,

206 2948 271 2987 nee.
597 2950 611 2989 1
