2409 3317
398 410 652 467 EPISTOLARUM
672 412 710 465 ΙΙ.
730 416 754 465 2.
918 417 967 465 229

174 510 319 565 Intervalla
330 512 403 564 vides
415 512 530 565 humane
542 512 684 565 commoda
696 540 732 551 -
744 510 843 564 Verum
934 513 967 564 70

174 580 253 634 Purra
265 580 442 702 mclalilmoe’
454 580 523 633 nihil
536 587 565 634 ut
577 580 767 634 meditantibus
780 579 871 633 obstet.
884 608 921 618 -

174 648 295 703 Festinat
359 648 408 701 dus
420 650 499 703 mulis
510 650 660 719 gerulisque
672 650 760 703 redum
781 655 827 716 tor,

173 717 289 787 Torquet
300 734 371 770 nunc
383 717 506 838 lapidem,
515 736 587 771 nunc
599 719 692 787 ingens
704 667 827 772 masline
836 718 949 787 tignum,

174 787 272 841 Tristia
283 786 396 839 robustis
419 792 544 841 notantur
555 788 650 840 funera
679 787 793 853 laustris,

175 855 237 909 Hac
248 854 350 909 rabiosa
361 856 523 924 fngitcanis,
535 855 585 909 bac
597 856 639 909 lut
669 861 731 910 enta
742 857 798 909 ruit
810 874 867 909 sus:

175 924 189 977 1
202 940 273 977 nunc
285 929 312 977 et
324 941 413 977 versus
425 930 513 977 tecum
523 926 651 979 meditare
663 941 776 979 canoros.

174 992 337 1063 Scriptorum
348 991 442 1046 chorus
454 993 538 1046 omnis
550 999 623 1047 amat
635 1010 727 1047 nemus
739 999 766 1047 et
778 993 849 1062 fugit
861 994 960 1062 urbem,

175 1061 237 1115 Rite
248 1062 330 1115 cliens
342 1061 441 1115 Bacchi
452 1079 543 1115 somno
554 1062 694 1131 gaudentis
707 1067 734 1116 et
745 1062 853 1116 umbra:

81 1129 84 1150 ⁴
174 1130 215 1184 'ln
226 1148 269 1185 me
280 1131 351 1183 inter
362 1132 488 1201 strepitus
499 1137 639 1186 nocturnos
652 1138 732 1201 atque
744 1131 851 1184 diurnos

175 1199 223 1253 Vis
235 1217 327 1254 canere
339 1205 367 1253 et
378 1206 513 1255 contracta
524 1201 599 1269 sequi
611 1201 723 1270 vestigia
735 1201 844 1254 vntuml
933 1205 966 1254 80

175 1269 324 1337 Ingenium,
336 1268 386 1321 sibi
398 1270 468 1339 quod
480 1287 576 1324 vacuas
588 1270 734 1340 desumpsit
746 1271 871 1335 Athenas,

174 1338 210 1390 Ilt
224 1337 317 1391 studiis
328 1354 411 1391 annos
422 1346 523 1408 septem
534 1339 608 1393 dedit
620 1339 789 1407 insenuitque

175 1405 260 1459 Libris
272 1412 300 1460 et
311 1407 389 1472 curis,
401 1413 491 1460 statua
503 1408 661 1460 taciturnius
673 1408 730 1461 exit

174 1475 334 1545 Plerumque
346 1481 373 1528 et
385 1476 439 1527 risu
451 1476 580 1544 populum
591 1476 693 1544 quatit3
711 1476 755 1528 hic
767 1492 814 1543 ego
827 1493 914 1527 rernm

175 1544 312 1597 Fluctibus
324 1544 353 1595 in
364 1544 458 1596 mediis
470 1550 497 1597 et
508 1544 709 1614 tempestatibus
721 1544 793 1597 urbis

174 1612 263 1666 Verba
273 1612 338 1682 lyrse
349 1618 454 1666 motura
466 1630 558 1665 sonum
570 1619 723 1667 connectere
735 1613 845 1681 digner?

175 1681 268 1735 Frater
278 1687 336 1735 erat
348 1681 438 1735 Romse
450 1681 563 1735 consulti
574 1681 670 1750 rhetor,
684 1688 714 1736 ut
726 1682 793 1735 alter

175 1751 292 1804 Alterius
303 1767 421 1804 sermone
432 1768 516 1805 meros
528 1752 632 1805 audiret
644 1751 760 1819 honores,

176 1820 310 1874 Gracchus
321 1826 353 1874 ut
365 1820 409 1874 bic
420 1820 468 1888 illi,
479 1821 547 1875 foret
558 1820 621 1874 huic
635 1827 665 1873 nt
677 1821 782 1875 Mucius
794 1820 846 1875 ille.

176 1889 228 1954 Qui
239 1890 327 1943 minus
339 1895 445 1959 argutos
456 1896 537 1946 vexat
548 1891 622 1951 furor
632 1890 682 1944 iste
694 1890 802 1961 poitssl
932 1894 966 1943 90

175 1958 297 2022 Omina
308 1976 442 2030 compono,
454 1960 497 2013 hic
509 1960 602 2029 elegos.
638 1960 653 1989 “
661 1959 783 2014 Mirabile
795 1959 853 2013 visu

176 2027 355 2097 Oaelatumque
366 2046 460 2082 novem
473 2029 555 2082 Musis
567 2046 633 2099 opus
641 2028 665 2085 l''
684 2029 796 2098 Adspice
808 2031 930 2097 primum,

176 2096 281 2161 Quanto
293 2113 354 2150 cum
366 2098 445 2164 fastu,
476 2103 557 2150 nanto
568 2097 703 2149 molimine
716 2098 827 2148 circum-

176 2182 188 2218 ι
236 2170 322 2219 temus
334 2182 445 2218 vacuam
496 2165 582 2217 munis
594 2164 700 2218 vatibus
713 2164 809 2227 sedem;

206 2251 240 2287 ox
252 2234 340 2300 etiam,
353 2233 375 2286 si
387 2233 454 2286 forte
466 2250 551 2301 vacas,
563 2250 671 2302 soquere
683 2239 711 2287 et
723 2233 812 2301 procul
825 2234 895 2301 audi,

177 2302 246 2368 Quid
257 2303 326 2356 feret
338 2307 365 2355 et
377 2318 458 2371 quare
470 2302 520 2355 sibi
531 2307 622 2355 nectat
633 2308 743 2371 uterque
755 2318 889 2355 coronam:

176 2371 308 2425 (ludimur
319 2376 347 2424 et
358 2370 469 2424 totidem
480 2371 566 2441 plagis
577 2370 755 2424 consumimus
767 2370 868 2424 hostem

176 2440 260 2494 Iaento
271 2439 402 2493 Samnites
413 2440 448 2493 ad
459 2440 563 2494 lumina
574 2440 661 2510 prims
672 2439 766 2494 duello.

175 2508 288 2562 Discedo
299 2508 403 2562 Alcaeus
414 2515 514 2579 puncto
526 2509 613 2574 illius;
631 2509 677 2563 ille
688 2526 746 2564 meo
758 2510 833 2579 quisi

178 2578 243 2643 Quis
253 2578 306 2631 nisi
317 2578 510 2633 (lullimaohusl
529 2578 558 2633 si
569 2580 629 2649 plus
641 2596 780 2649 apposuere
792 2580 871 2648 visus,
918 2582 966 2631 100

176 2648 222 2703 Fit
235 2648 416 2712 Mimnermus,
430 2653 458 2700 et
470 2647 560 2717 optivo
573 2648 729 2727 cognomine
741 2648 842 2701 crescit.

177 2715 266 2771 Multa
276 2715 338 2781 fero,
350 2719 382 2767 ut
393 2714 496 2783 placem
507 2732 590 2783 genus
602 2712 730 2767 rrritabile
742 2718 842 2777 ratum,

178 2785 265 2851 Quum
277 2782 360 2837 scribo
372 2789 399 2836 et
411 2783 522 2865 supplex
534 2781 626 2853 populi
638 2782 763 2849 suffragia
774 2788 858 2851 capto,

80 2865 88 2888 ⁹
178 2854 260 2921 Idem,
271 2853 355 2906 finitis
367 2852 462 2905 studiis
474 2857 501 2904 et
512 2858 601 2905 mente
612 2856 725 2920 recepta,

178 2924 303 2978 Obturem
316 2922 421 2993 patulss
432 2921 540 2990 impune
553 2920 701 2988 legentibus
714 2935 796 2972 aures.
