2409 3317
540 388 696 443 Hostum

296 492 407 562 Fugerit
418 494 493 547 venis
505 501 532 548 et
544 511 658 563 squosus
669 493 730 548 elbo

400 563 511 633 (torpore
523 564 641 632 languor.

295 631 440 684 Redditum
452 632 513 701 Gyri
525 632 589 687 solio
601 632 736 685 Phreeten

294 700 429 753 Dissidens
440 701 519 770 plebi,
531 719 641 755 numero
652 702 790 754 beatorum

295 768 398 823 Eximit
410 770 501 824 Virtus
513 771 693 840 populumque
704 770 779 823 felsis

398 838 515 892 Dedoeet
526 840 569 891 uti
984 842 1018 889 20

296 905 417 976 Vocibus,
429 925 541 975 regnum
553 914 580 961 et
592 908 715 961 diademo
726 912 817 959 tutum

295 975 421 1029 Deferens
432 978 480 1029 uni
492 977 677 1046 propriamque
687 976 801 1043 numm,

297 1045 422 1113 Quisquis
434 1046 556 1113 ingentes
568 1046 644 1098 ooulo
656 1046 778 1099 irretorto

399 1113 508 1182 Spectat
519 1130 634 1167 acervos.

405 1329 554 1385 GARMEN
572 1328 706 1381 III.-sn
718 1344 853 1382 nnnnsuss.

297 1452 408 1515 AEousn
420 1460 551 1509 memento
563 1455 641 1508 rebus
653 1454 683 1506 in
694 1453 784 1506 arduis

294 1523 402 1577 Servare
413 1530 537 1593 mentem,
549 1542 602 1578 non
615 1541 689 1577 seous
700 1523 731 1575 in
741 1523 816 1577 bonis

328 1592 370 1645 Ab
383 1593 506 1647 insolenti
518 1598 694 1663 temperatam

363 1662 477 1730 Laetitia,
489 1664 616 1715 moriture
627 1662 706 1729 Delli,
729 1676 734 1685 ’

294 1729 346 1783 Seu
356 1737 464 1783 messtus
476 1732 547 1783 omni
559 1737 676 1799 tempore
688 1731 793 1798 vixeris,

294 1799 346 1853 Seu
357 1806 385 1852 te
397 1800 426 1851 in
437 1806 536 1852 remoto
548 1800 666 1868 gramine
678 1816 725 1868 per
737 1800 792 1851 dies

329 1868 419 1920 Festos
430 1868 587 1921 reclinatum
598 1868 684 1921 bessis

363 1937 490 1989 Interiore
502 1943 567 1991 note
578 1938 691 1990 Falerni

294 2004 366 2070 Quos
379 2005 457 2074 pinus
469 2006 562 2074 ingens
574 2006 686 2075 alboque
698 2006 810 2074 populus

294 2074 420 2127 Umbram
432 2075 589 2144 hospitalem
601 2076 749 2128 consociere
760 2079 853 2126 sment

328 2144 436 2196 Remis?
455 2144 525 2209 Quid
537 2145 642 2213 obliquo
653 2144 757 2196 laboret

362 2213 483 2282 Lympha
495 2214 578 2282 fugex
589 2212 722 2281 trepidare
733 2209 823 2263 rivo⁴i

292 2282 355 2335 Huo
367 2282 430 2335 vine
442 2288 469 2335 et
481 2288 618 2351 unguente
630 2287 657 2334 et
669 2280 782 2333 nimium
793 2278 884 2332 breves

294 2352 383 2405 Flores
394 2369 505 2404 emoeuss
516 2352 584 2404 ferre
592 2350 658 2418 jube
669 2365 742 2415 nosse,

328 2420 399 2473 Dum
410 2437 451 2471 res
463 2426 491 2471 et
503 2427 566 2471 estes
579 2425 607 2471 et
619 2419 741 2471 Sorormn

363 2487 422 2539 Filo
434 2487 517 2539 trium
528 2488 669 2555 petismtur
680 2491 745 2537 stre

293 2556 375 2608 Oedes
387 2555 515 2623 coemptis
527 2554 638 2607 saltibus
650 2560 677 2607 et
689 2554 766 2606 domo

294 2623 348 2676 Vill
382 2640 422 2689 ue,
433 2622 518 2676 flavus
530 2639 610 2690 quem
622 2622 721 2674 Tiberis
732 2621 806 2689 levit,

328 2692 363 2744 Oe
382 2708 416 2758 es,
428 2697 455 2743 et
468 2690 608 2743 exstructis
620 2690 649 2743 in
661 2692 748 2745 situm

362 2760 470 2813 Divitiis
482 2760 598 2827 potietur
609 2759 691 2813 heres.

292 2826 406 2882 Divesne
418 2827 502 2897 priseo
514 2833 593 2882 notus
605 2828 639 2882 eb
651 2830 758 2898 Inacho,

281 2917 290 2940 ²
302 2914 349 2962 Qu·
561 2912 571 2938 ⁶
585 2916 658 2966 rem'u,
669 2922 691 2957 et
699 2929 720 2957 o.
729 2918 745 2959 i.
756 2920 780 2960 1..
790 2920 805 2960 i.
815 2924 831 2960 t
842 2921 893 2960 riso.
